2609 3884
641 164 776 221 LIB.
815 166 857 220 Ι.
914 164 1070 221 οΑΡ.
1107 168 1353 219 23—25.
1407 168 1437 229 ς
1476 168 1719 219 55—61.
1868 138 1877 143 ’
2061 162 2187 227 301

181 349 346 411 mus,
419 330 571 392 ante
643 347 838 411 quam
909 325 978 390 in
1051 347 1284 410 corpus
1358 324 1766 409 intravisset,
1836 325 1909 388 in
1976 345 2192 389 rerum

182 414 546 501 cognitione
589 413 924 499 viguisset.
995 411 1285 497 Cumque
1320 413 1489 478 nihil
1527 416 1722 496 esset,
1767 415 1842 476 ut
1888 412 2188 477 omnibus
2228 421 2297 472 58

180 505 333 569 locis
390 525 430 567 a
471 501 744 567 Platone
803 500 1143 567 disseritur
1187 498 1381 585 (nihil
1428 500 1600 565 enim
1642 499 1755 565 ille
1800 502 1989 583 putat
2034 519 2193 582 esse,

182 591 348 676 quod
413 590 661 656 oriatur
730 592 798 653 et
866 589 1174 672 intereat,
1244 588 1437 671 idque
1506 588 1719 653 solum
1793 608 1960 669 ese,
2023 587 2193 671 quod

121 705 153 745 5
183 699 433 762 semper
484 676 618 743 tale
672 677 785 760 sit,
838 676 1028 761 quale
1083 680 1211 759 est3
1275 674 1467 741 ἰδέαν
1522 675 1812 759 appellat
1866 674 2007 758 ille,
2068 694 2193 738 nos

184 763 516 851 speciem),
559 785 693 829 non
736 764 952 848 potuit
988 764 1240 829 animus
1284 762 1448 828 haee
1491 764 1562 829 in
1598 784 1864 846 corpore
1908 761 2193 826 inclusus

183 854 598 939 adgnoscere,
659 852 924 937 cognita
988 852 1239 935 attulit3
1302 872 1382 915 ex
1446 872 1572 936 quo
1636 854 1774 915 tam
1838 849 2194 915 multarum

180 963 396 1007 rerum
441 940 827 1026 cognitionis
875 940 1220 1005 admiratio
1266 938 1543 1005 tollitur.
1614 936 1839 1021 Neque
1882 957 1959 1002 ea
2000 936 2195 1021 plane

180 1030 356 1094 videt
409 1028 688 1111 animus,
743 1049 890 1093 cum
933 1030 1202 1112 repente
1256 1027 1328 1090 in
1373 1030 1511 1091 tam
1556 1025 1891 1091 insolitum
1936 1028 2196 1109 tamque

97 1144 152 1183 10
178 1118 633 1201 perturbatum·
676 1114 1076 1181 domicilium
1121 1115 1526 1199 inmigravit,
1572 1113 1711 1197 sed,
1762 1134 1905 1178 cum
1952 1133 2021 1177 se
2068 1112 2198 1177 col-

179 1205 342 1290 legit
379 1209 572 1287 atque
609 1204 952 1286 recreavit,
995 1206 1138 1267 tum
1177 1201 1519 1288 adgnoscit
1552 1202 1671 1266 illa
1712 1200 2197 1266 reminiscendo,

179 1292 286 1357 Ita
327 1291 494 1356 nihil
541 1294 641 1356 est
687 1290 862 1355 aliud
907 1290 1150 1355 discere
1192 1290 1323 1355 nisi
1367 1290 1706 1357 reeordari.
1791 1287 1935 1374 Ego
1982 1291 2199 1353 autem

181 1380 428 1445 maiore
468 1379 664 1443 etiam
702 1377 980 1463 quodam
1015 1378 1208 1443 modo
1244 1378 1629 1443 memoriam
1666 1377 1965 1442 admiror.
2030 1375 2199 1453 Quid

183 1469 286 1532 est
329 1466 503 1531 enim
548 1464 735 1549 illud,
782 1487 909 1549 quo
950 1465 1389 1549 meminimus,
1434 1468 1546 1530 aut
1590 1470 1786 1549 quam'
1830 1464 2031 1529 habet
2064 1464 2199 1529 vim

97 1580 150 1621 15
183 1558 298 1619 aut
341 1554 510 1619 unde
566 1552 830 1617 natam?
919 1552 1076 1617 Non
1128 1574 1394 1637 quaero,
1449 1556 1691 1637 quanta
1746 1552 2061 1619 memoria
2106 1549 2201 1616 Si-

181 1642 474 1708 monides
520 1640 724 1705 fuisse
761 1639 1038 1726 dicatur,
1083 1644 1327 1725 quanta
1368 1639 1793 1726 Theodectes,
1837 1642 2081 1724 quanta
2123 1639 2201 1723 is,

181 1730 293 1815 qui
340 1750 380 1793 a
422 1728 676 1813 Pyrrho
720 1728 976 1813 legatus
1023 1728 1105 1793 ad
1148 1731 1442 1794 senatum
1492 1731 1591 1793 est
1634 1728 1897 1806 missus»,
1946 1725 2200 1811 Cineas,

181 1820 426 1901 quanta
487 1838 695 1899 nuper
759 1814 1194 1900 Charmadas,
1266 1820 1537 1901 quanta,
1610 1816 1722 1900 qui
1791 1815 1985 1881 modo
2058 1815 2203 1898 fuit,

180 1905 484 1989 Scepsius
546 1904 956 1970 Metrodorus
964 1954 984 1988 ,
1050 1908 1293 1989 quanta
1353 1908 1576 1969 noster
1636 1902 2055 1986 Hortensius3
2124 1901 2202 1967 de

91 2022 152 2060 20
183 1992 513 2059 communi
547 1992 880 2057 hominum
908 1993 1222 2057 memoria
1257 1993 1506 2077 loquor,
1542 1994 1609 2056 et
1634 2012 1857 2055 eorum
1886 2012 2205 2073 maxume,

183 2082 297 2166 qui
331 2082 406 2145 in
443 2080 658 2163 aliquo
696 2080 942 2145 maiore
981 2080 1196 2145 studio
1235 2084 1300 2145 et
1336 2084 1476 2145 arte
1516 2082 1883 2165 versantur3
1929 2100 2203 2163 quorum

181 2171 429 2253 quanta
486 2188 668 2232 mens
725 2168 838 2251 sit,
893 2168 1156 2232 difficile
1211 2171 1313 2233 est
1377 2168 1773 2252 existimare3
1838 2167 1933 2231 ita
1996 2166 2203 2231 multa

182 2256 635 2321 meminerunt.

86 2459 150 2501 25
180 2432 284 2497 vis
331 2436 398 2497 et
450 2431 619 2495 unde
674 2430 787 2515 sit,
838 2430 1347 2517 intellegendum
1401 2435 1580 2514 puto.
1678 2429 1829 2495 Non
1889 2433 1991 2495 est
2035 2432 2205 2495 certe

177 2542 305 2585 nec
358 2518 570 2585 cordis
623 2539 744 2583 nec
799 2518 1131 2603 sanguinis
1184 2540 1302 2583 nec
1350 2518 1597 2583 cerebri
1640 2539 1759 2583 nec
1811 2522 2205 2603 atomorum3

181 2608 446 2673 amimae
501 2607 591 2672 sit
642 2606 926 2691 ignisne,
979 2607 1226 2691 nescio,
1283 2627 1403 2671 nec
1448 2627 1551 2671 me
1604 2606 1832 2689 pudet,
1894 2609 1974 2670 ut
2024 2606 2208 2690 istos,

181 2695 383 2761 fateri
425 2695 704 2778 nescire,
747 2694 920 2779 quod
962 2697 1276 2777 nesciam3
1322 2693 1514 2778 illud,
1561 2694 1618 2757 si
1664 2694 1798 2758 ulla
1844 2693 1979 2758 alia
2023 2694 2100 2758 de
2135 2714 2209 2757 re

184 2784 466 2849 obscura
517 2782 852 2847 adfirmare
904 2804 1190 2867 possem,
1245 2782 1382 2847 sive
1436 2781 1655 2846 anima
1711 2781 1847 2846 sive
1902 2781 2073 2866 ignis
2121 2782 2211 2845 sit

87 2898 152 2938 so
185 2871 472 2954 animus,
518 2892 664 2934 eum
709 2870 992 2935 iurarem
1037 2892 1177 2935 esse
1223 2870 1529 2935 divinum.
1620 2868 1790 2945 Quid
1836 2868 2053 2934 enim?
2099 2870 2209 2934 ob·

181 2979 370 3025 secro
416 2962 510 3042 te,
555 2961 812 3022 terrane
847 2958 972 3023 tibi
1016 2958 1142 3023 hoc
1177 2958 1492 3023 nebuloso
1530 2960 1597 3021 et
1630 2957 1991 3043 caliginoso
2029 2958 2209 3022 caelo

181 3051 306 3112 aut
361 3048 506 3111 sata
562 3050 675 3111 aut
729 3048 1027 3111 concreta
1081 3045 1339 3111 videtur
1405 3048 1591 3111 tanta
1652 3046 1753 3110 vis
1816 3044 2211 3110 memoriae?

181 3133 288 3218 Si,
345 3133 496 3217 quid
551 3134 637 3199 sit
687 3133 838 3217 hoc,
892 3155 1027 3198 non
1084 3134 1290 3217 vides»,
1346 3136 1441 3216 at,
1496 3132 1683 3217 quale
1732 3134 1844 3217 sit,
1895 3132 2105 3216 vides3
2154 3132 2211 3197 si

2237 1296 2303 1346 59

321 2344 609 2421 Quorsus
653 2342 856 2428 igitur
899 2342 1060 2408 haec
1105 2346 1359 2427 spectat
1404 2342 1659 2408 oratio}>
1738 2341 1917 2418 Quae
1962 2342 2049 2407 sit
2092 2341 2207 2406 illa
2224 2312 2312 2438 {fg

179 3244 272 3288 ne
318 3221 388 3285 id
434 3221 718 3307 quidem,
765 3224 861 3304 at,
908 3224 1219 3303 quantum
1265 3221 1378 3305 sit,
1423 3220 1713 3305 profecto
1758 3220 1957 3286 vides.
2040 3219 2210 3297 Quid
2248 3240 2312 3290 61

81 3337 147 3381 35
180 3308 438 3396 igitur?
484 3313 702 3374 utrum
737 3309 1161 3392 capacitatem
1200 3308 1483 3392 aliquam
1528 3309 1597 3373 in
1644 3309 1861 3375 animo
1905 3310 2210 3393 putamus

181 3419 362 3482 esse,
416 3418 544 3481 quo
590 3400 922 3481 tamquam
976 3397 1046 3461 in
1091 3396 1352 3481 aliquod
1396 3418 1513 3461 vas
1560 3417 1661 3478 ea,
1709 3417 1873 3480 quae
1918 3394 2211 3460 memini-

179 3507 366 3567 mus,
411 3483 876 3550 infundantur?
966 3483 1342 3549 Absurdum
1385 3484 1453 3549 id
1499 3484 1774 3569 quidem.
1867 3482 1991 3559 Qui
2038 3481 2213 3545 enim
