2609 3884
661 150 797 204 ΜΒ.
835 150 904 205 11.
961 149 1116 205 CAP.
1155 156 1401 206 20-22.
1458 156 1489 217 ς
1528 155 1771 208 65—71.
2106 153 2265 217 149.

183 310 373 375 tatio
421 310 781 394 splendida!
855 310 1082 379 Omnis
1121 316 1222 378 est
1257 312 1431 379 enim
1470 312 1555 377 de
1606 313 1869 379 virtutis
1915 313 2234 399 dignitate

165 400 555 464 contentio.
662 398 756 464 At
819 421 966 465 cum
1029 401 1163 466 tuis
1228 422 1375 467 cum
1440 401 1749 486 disseras,
1809 398 2020 469 multa
2082 406 2235 468 sunt

187 486 524 553 audienda
579 488 782 553 etiam
836 487 920 553 de
972 490 1270 555 obscenis
1324 490 1801 575 voluptatibus,
1866 490 1944 555 de
1998 491 2233 575 quibus

191 577 289 641 ab
347 574 632 659 Epicuro
688 576 1066 661 saepissime
1119 578 1373 644 dicitur.
1469 576 1621 644 Non
1664 580 1852 662 potes
1900 599 2056 665 ergo
2107 580 2237 657 ista
2273 590 2339 639 69

123 690 157 730 5
188 664 404 747 tueri,
459 663 812 749 Torquate,
866 665 1031 730 mihi
1086 666 1297 750 crede,
1352 666 1409 731 si
1454 670 1521 731 te
1566 666 1707 750 ipse
1759 670 1827 731 et
1867 670 2019 733 tuas
2066 668 2235 753 cogi-

190 753 494 817 tationes
559 756 626 817 et
689 752 904 819 studia
965 755 1394 838 perspexeris3
1467 754 1739 839 pudebit
1798 757 1893 840 te,
1954 756 2236 840 inquam,

191 841 388 906 illius
443 840 734 924 tabulae,
790 863 985 926 quam
1033 839 1384 909 Cleanthes
1440 864 1595 909 sane
1640 843 1975 909 commode
2018 844 2235 910 verbis

192 929 557 1013 depingere
602 928 873 994 solebat.
943 928 1222 996 Iubebat
1266 952 1406 1015 eos,
1452 932 1563 1015 qui
1600 930 1973 1016 audiebant,
2019 953 2237 998 secum

190 1018 384 1101 ipsos
432 1016 720 1101 cogitare
763 1017 1008 1101 pictam
1061 1020 1133 1084 in
1185 1020 1412 1085 tabula
1454 1018 1877 1103 Voluptatem
1942 1019 2235 1106 pulcher·

101 1132 160 1171 10
191 1106 376 1170 rimo
401 1104 648 1170 -vestitu
677 1108 743 1170 et
769 1110 1004 1171 ornatu
1037 1108 1244 1193 regali
1280 1107 1353 1173 in
1389 1106 1553 1174 solio
1589 1107 1939 1192 sedentem,
1974 1114 2236 1193 praesto

194 1215 352 1259 esse
406 1192 700 1258 Virtutes
756 1197 831 1258 ut
885 1195 1254 1279 ancillulaS,
1299 1217 1465 1280 quae
1518 1194 1686 1261 nihil
1733 1195 1907 1263 aliud
1954 1201 2238 1283 agerent,

193 1281 464 1347 nullum
528 1304 716 1347 suum
779 1281 1068 1348 officium
1140 1283 1474 1367 ducerent,
1545 1283 1675 1348 nisi
1746 1288 1823 1351 ut
1890 1284 2238 1369 Voluptati

197 1369 660 1435 ministrarent
725 1374 792 1436 et
854 1392 1000 1436 eam
1053 1375 1311 1437 tantum
1371 1371 1453 1437 ad
1519 1393 1739 1437 aurem
1799 1372 2238 1458 admonerent,

201 1458 266 1523 si
321 1458 518 1523 modo
582 1457 651 1522 id
703 1459 959 1542 pictura
1010 1460 1305 1545 intellegi
1359 1464 1611 1544 posset,
1672 1464 1750 1526 ut
1810 1465 2091 1545 caveret,
2153 1482 2236 1527 ne

109 1570 170 1611 15
199 1546 366 1631 quid
420 1547 663 1612 faceret
714 1547 1115 1632 imprudens,
1178 1548 1350 1633 quod
1414 1548 1765 1614 offenderet
1816 1550 2065 1615 animos
2120 1549 2233 1614 ho-

198 1635 486 1718 minum,
541 1638 655 1699 aut
706 1636 1078 1720 quicquam,
1135 1659 1170 1701 e
1225 1658 1352 1721 quo
1409 1636 1689 1702 oriretur
1743 1637 1978 1721 aliquis
2034 1637 2236 1703 dolor.

201 1723 292 1789 ‘N
297 1745 374 1789 os
413 1723 696 1810 ‚quidem
750 1722 1048 1789 Virtutes
1105 1726 1199 1791 sic
1250 1728 1445 1791 natae
1499 1746 1720 1790 sumus
1727 1774 1746 1809 ,
1800 1728 1876 1789 ut
1927 1725 2051 1791 tibi
2112 1747 2237 1790 ser-

199 1811 522 1895 viremuS,
569 1811 743 1876 aliud
788 1813 1039 1898 negotii
1083 1812 1249 1879 nihil
1291 1811 1651 1881 habemus?
2255 1863 2343 1927 22

350 1898 438 1964 At
477 1903 677 1984 negat
719 1899 1042 1984 Epicurus
1091 1899 1242 1988 (hoc
1289 1901 1461 1967 enim
1506 1904 1793 1991 vestrum
1840 1901 2065 1969 lumen
2110 1901 2234 1989 est)
2274 1940 2343 1990 ⁰20

113 2014 172 2055 20
204 2010 629 2074 quemquam,
706 1988 817 2073 qui
880 1988 1149 2055 honeste
1219 2011 1354 2056 non
1425 1991 1628 2073 vivat,
1698 1989 1970 2055 iucunde
2041 2012 2235 2075 posse

201 2078 444 2141 vivere.
529 2074 727 2151 Quasi
773 2096 894 2162 ego
940 2077 1008 2142 id
1053 2098 1296 2163 curem,
1343 2077 1496 2163 quid
1540 2078 1654 2143 ille
1690 2077 1828 2143 aiat
1869 2082 1983 2145 aut
2024 2083 2237 2164 neget.

199 2164 382 2229 Illud
453 2184 721 2249 quaer0,
793 2165 946 2249 quid
1017 2166 1103 2249 ei,
1176 2167 1287 2251 qui
1358 2167 1429 2231 in
1499 2166 1837 2251 voluptate
1910 2189 2235 2233 summum

199 2254 456 2339 bonum
499 2254 726 2336 ponat,
786 2257 1288 2320 consentaneum
1336 2254 1423 2320 sit
1476 2255 1704 2321 dicere.
1795 2254 1968 2332 Quid
2026 2256 2236 2339 affers,
2350 2314 2355 2317 .

203 2362 323 2407 cur
385 2338 694 2423 Thorius,
757 2362 874 2407 cur
932 2344 976 2422 †
1041 2339 1244 2407 Chius
1306 2342 1709 2427 Postumius,
1772 2364 1886 2409 cur
1947 2345 2235 2410 omnium

119 2453 173 2493 25
201 2430 446 2494 horum
510 2429 851 2513 magister,
929 2428 1157 2515 Orata,
1228 2452 1362 2496 non
1423 2431 1882 2496 iucundissime
1952 2432 2233 2499 vixerit?

201 2516 364 2601 Ipse
408 2519 636 2601 negat,
679 2520 754 2581 ut
799 2520 948 2582 ante
994 2518 1156 2602 dixi,
1201 2518 1685 2585 luxuriosorum
1729 2520 1933 2583 vitam
1977 2541 2234 2602 repren-

204 2604 515 2686 dendam,
560 2604 690 2669 nisi
734 2605 929 2689 plane
973 2605 1138 2671 fatui
1184 2607 1342 2691 sint,
1386 2607 1453 2671 id
1499 2610 1599 2672 est
1640 2607 1770 2671 nisi
1813 2610 1926 2672 aut
1970 2608 2237 2691 cupiant

205 2696 326 2759 aut
363 2695 673 2757 metuant.
728 2692 1015 2770 Quarum
1053 2695 1394 2759 ambarum
1420 2717 1635 2760 rerum
1672 2717 1817 2761 cum
1850 2695 2236 2761 medicinam

203 2780 584 2866 pollicetur,
646 2780 938 2847 luxuriae
1000 2782 1338 2848 licentiam
1404 2783 1767 2867 pollicetur.
1872 2782 1998 2849 His
2062 2785 2235 2850 enim

122 2894 176 2933 30
203 2870 405 2935 rebus
471 2867 776 2935 detractis
836 2874 1036 2955 negat
1089 2892 1158 2936 se
1211 2872 1495 2955 reperire
1558 2872 1629 2936 in
1692 2874 2023 2938 asotorum
2080 2874 2235 2957 vita,

206 2957 386 3042 quod
429 2957 794 3041 reprendat.
873 2957 1026 3024 Non
1069 2959 1273 3043 igitur
1317 2960 1593 3043 potestis
1637 2960 1971 3044 voluptate
2016 2962 2235 3027 omnia
2272 2972 2337 3021 '11

171 3046 578 3131 'derigentes
627 3050 742 3111 aut
783 3046 954 3111 tueri
999 3051 1113 3111 aut
1154 3048 1433 3119 retinere
1478 3048 1804 3125 virtutem.
1903 3046 2073 3115 Nam
2116 3070 2236 3115 nec

203 3134 309 3199 vir
338 3134 550 3199 bonus
577 3155 654 3199 ac
689 3134 896 3200 iustus
925 3134 1151 3200 haberi
1183 3135 1394 3220 debet,
1430 3137 1559 3220 qui,
1592 3158 1675 3201 ne
1703 3136 1947 3201 malum
1971 3136 2230 3222 habeat,
2256 3168 2261 3173 ·

206 3222 498 3287 abstinet
542 3243 611 3286 se
658 3223 740 3287 ab
786 3222 1043 3315 iniuria.
1130 3222 1352 3307 Nosti,
1399 3224 1617 3305 credo,
1662 3223 1846 3289 illud:

125 3378 175 3419 ³5
386 3353 624 3419 Nemo
669 3354 846 3438 pius
894 3358 1036 3439 est,
1090 3353 1223 3439 qui
1260 3356 1637 3439 pietatem
1686 3380 1797 3440 —3

203 3506 364 3553 cave
427 3490 618 3571 putes
683 3486 1024 3572 quicquam
1089 3508 1230 3552 esse
1293 3488 1527 3553 verius·
1633 3486 1698 3552 N
1701 3509 1771 3552 ec
1826 3487 2026 3566 enim,
2081 3486 2233 3550 dum
