2609 3884
350 175 434 238 74
856 169 1442 226 AcADEMIoonoM
1475 169 1808 226 PRIORUM

345 335 518 400 enim
561 329 820 419 vultis),
875 335 1128 396 tantam
1172 331 1305 396 vim
1361 332 1683 396 natricum
1727 331 2216 415 viperarumque
2271 330 2369 396 fe·'

345 423 523 506 cerit,
583 443 695 485 cur
738 423 878 484 tam
922 421 1131 484 multa
1191 419 1502 502 pestifera
1565 423 1741 483 terra
1784 419 2075 503 marique
2119 419 2368 502 disper-

344 510 529 576 serit!
586 508 865 593 Negatis
910 507 1072 572 haec
1116 511 1254 571 tam
1298 507 1498 591 polite
1542 510 1806 590 tamque
1835 507 2166 571 subtiliter
2191 507 2367 571 effici

345 597 638 682 potuisse
684 596 823 660 sine
869 595 1089 660 divina
1126 594 1348 678 aliqua
1375 594 1694 678 sollertia3
1742 595 1922 659 cuius
1961 595 2221 679 quidem
2247 616 2366 660 vos

344 685 752 749 maiestatem
808 682 1118 747 deducitis
1164 703 1366 765 usque
1413 682 1493 746 ad
1549 681 1766 766 apium
1825 682 2366 766 formicarumque
2394 706 2428 748 5

343 773 837 857 perfectionem,
896 773 971 834 ut
1015 771 1211 834 etiam
1266 770 1436 834 inter
1492 770 1644 834 deos
1689 768 2117 854 Myrmecides
2165 771 2368 855 aliqui

342 861 740 927 minutorum
809 856 1266 941 opusculorum
1345 857 1702 922 fabricator
1778 857 1981 922 fuisse
2051 858 2366 924 videatur.

241 965 340 1014 121
386 947 607 1033 Negas
654 948 792 1011 sine
838 946 957 1010 deo
1012 967 1205 1029 posse
1251 945 1610 1029 quicquam.
1688 945 1857 1010 Ecce
1900 945 2025 1010 tibi
2071 967 2106 1010 e
2150 951 2366 1010 trans-

344 1057 529 1101 verso
574 1034 1051 1117 Lampsacenus
1100 1031 1320 1098 Strato
1329 1083 1348 1117 ,
1414 1034 1524 1117 qui
1576 1033 1687 1097 det
1743 1033 1858 1097 isti
1901 1033 2020 1098 deo
2066 1034 2366 1098 immuni-

342 1127 549 1187 tatem
612 1121 838 1205 magni
908 1121 1169 1204 quidem
1238 1121 1524 1186 muneris
1597 1119 1716 1207 (et,
1788 1142 1933 1186 cum
1997 1122 2364 1188 sacerdotes
2395 1147 2457 1187 ιο

342 1212 611 1275 deorum
658 1209 1064 1274 vacationem
1120 1207 1435 1293 habeant,
1501 1211 1744 1293 quanto
1790 1212 1892 1273 est
1935 1209 2203 1295 aequius
2248 1209 2366 1275 ha-

268 1307 273 1312 '
342 1299 495 1362 bere
540 1298 721 1381 ipsos
768 1296 1017 1380 deos!);
1075 1300 1277 1380 negat
1321 1318 1518 1380 opera
1573 1297 1838 1361 deorum
1884 1319 1952 1360 se
1996 1298 2098 1362 uti
2143 1297 2224 1362 ad
2267 1298 2364 1362 fa-

341 1383 725 1450 bricandum
768 1385 1097 1449 mundum.
1189 1384 1640 1468 Quaecumque
1695 1385 1856 1466 sint,
1916 1385 2102 1449 docet
2145 1385 2366 1451 omnia

343 1475 573 1538 effecta
609 1494 749 1537 esse
794 1477 1049 1556 natura,
1091 1493 1228 1557 nec,
1274 1475 1350 1536 ut
1393 1471 1522 1553 ille,
1569 1472 1678 1555 qui
1713 1473 1962 1555 asperis
2001 1477 2067 1537 et
2110 1473 2364 1538 levibus

343 1565 411 1626 et
452 1561 738 1625 hamatis
774 1560 1227 1644 uncinatisque
1264 1560 1642 1642 corporibus
1679 1564 1980 1624 concreta
2025 1561 2187 1626 haec
2223 1583 2364 1626 esse
2392 1584 2450 1626 ιε

342 1650 517 1714 dicat
591 1649 928 1713 interiecto
1004 1647 1183 1712 inani
1244 1683 1322 1696 -
1385 1646 1666 1732 (somnia
1720 1651 1942 1712 censet
2001 1647 2163 1712 haec
2221 1671 2364 1714 esse

342 1735 705 1802 Democriti
749 1758 883 1800 non
926 1735 1236 1818 docentiS,
1282 1734 1396 1799 sed
1433 1732 1755 1820 optantis)
1799 1736 1941 1818 ipse
1977 1740 2195 1800 autem
2232 1737 2360 1802 sin-

343 1825 531 1909 gulas
577 1824 800 1888 mundi
842 1827 1059 1907 partes
1119 1843 1536 1906 persequens,
1600 1823 1910 1906 quidquid
1955 1827 2070 1888 aut
2113 1824 2203 1888 sit
2247 1828 2364 1888 aut

342 1913 479 1996 fiat,
522 1911 927 1975 naturalibus
972 1910 1113 1974 fieri
1142 1912 1255 1974 aut
1298 1910 1543 1974 factum
1571 1932 1712 1975 esse
1748 1911 1934 1974 docet
1967 1912 2361 1994 ponderibus

344 2003 411 2063 et
457 1999 761 2063 motibus,
840 1997 942 2063 Ne
985 1997 1099 2062 ille
1144 2000 1211 2061 et
1253 1997 1445 2061 deum
1493 2020 1683 2082 opere
1727 2019 1967 2082 magno
2013 1999 2252 2065 liberat
2295 2003 2365 2064 et
2391 2024 2448 2065 πο

344 2107 446 2151 me
501 2087 753 2150 timore.
844 2084 1003 2160 Quis
1049 2084 1219 2148 enim
1278 2089 1522 2169 potest,
1587 2108 1733 2150 cum
1779 2087 2106 2151 existimet
2149 2088 2364 2153 curari

345 2195 415 2238 se
462 2195 501 2237 a
544 2172 681 2256 de0,
738 2194 871 2237 non
915 2176 984 2237 et
1030 2171 1165 2236 dies
1211 2176 1277 2238 et
1321 2175 1547 2238 noctes
1594 2173 1885 2238 divinum
1926 2195 2172 2240 numen
2213 2174 2363 2240 hor-

342 2282 484 2326 rere
532 2263 622 2345 et,
686 2259 743 2323 si
802 2259 957 2343 quid
1012 2260 1266 2324 adversi
1322 2261 1629 2326 acciderit
1689 2259 1888 2348 (quod
1935 2263 2038 2326 cui
2080 2284 2213 2328 non
2259 2285 2362 2329 ac-

343 2345 614 2433 cidit?),
676 2348 1115 2426 extimescere,
1160 2368 1245 2412 ne
1289 2348 1356 2413 id
1399 2349 1536 2412 iure
1583 2349 1910 2414 evenerit?
1999 2349 2138 2416 Nec
2185 2349 2362 2416 Stra-

341 2437 484 2502 toni
528 2441 749 2500 tamen
795 2435 1125 2500 adsentior
1167 2456 1285 2500 nec
1332 2459 1483 2502 vero
1529 2437 1680 2522 tibi3
1736 2436 1926 2502 modo
1971 2437 2125 2523 hoc,
2169 2439 2362 2505 modo
2389 2464 2444 2506 25

342 2524 504 2589 illud
549 2523 951 2608 probabilius
994 2523 1267 2588 videtur.

234 2657 339 2797 {³292
474 2699 714 2764 Latent
774 2698 905 2764 ista
968 2699 1213 2784 omnia,
1275 2697 1566 2782 Luculle,
1629 2700 1861 2765 crassis
1925 2701 2249 2767 occultata
2295 2706 2364 2769 et

388 2787 776 2852 circumfusa
856 2787 1175 2871 tenebris,
1255 2789 1331 2850 ut
1408 2787 1592 2851 nulla
1671 2789 1844 2852 acies
1924 2789 2194 2854 humani
2263 2791 2361 2856 in·

344 2875 521 2958 genii
566 2877 752 2938 tanta
797 2873 910 2958 sit,
956 2895 1115 2957 quae
1160 2878 1500 2958 penetrare
1546 2875 1617 2938 in
1661 2876 1936 2960 caelum,
1980 2880 2221 2943 terram
2264 2878 2364 2948 in-

342 2966 517 3026 trare
582 2961 818 3045 possit3
891 2982 1167 3042 corpora
1216 2964 1442 3026 nostra
1493 2984 1627 3027 non
1677 2964 2003 3049 novimus,
2062 2965 2174 3049 qui
2232 2967 2366 3032 sint
2389 2992 2443 3034 so

344 3050 507 3114 situs
553 3049 863 3131 partium,
919 3069 1114 3130 quam
1158 3048 1290 3112 vim
1338 3070 1626 3134 quaeque
1670 3073 1823 3134 pars
1869 3051 2136 3132 habeat,
2179 3054 2365 3138 igno-

342 3157 579 3201 ramus,
628 3135 857 3218 Itaque
903 3135 1139 3200 medici
1182 3136 1330 3220 ipsi,
1378 3159 1648 3221 quorum
1691 3139 2004 3205 intererat
2040 3163 2117 3206 ea
2149 3163 2364 3227 nosse,

344 3227 761 3307 aperuerunt,
814 3225 889 3286 ut
934 3223 1325 3308 viderentu13
1384 3247 1502 3290 nec
1549 3248 1624 3292 eo
1669 3231 1892 3293 tamen
1937 3228 2119 3292 aiunt
2163 3230 2362 3313 empi-

342 3311 463 3376 rici
506 3312 767 3375 notiora
811 3332 950 3375 esse
995 3311 1139 3396 illa,
1204 3313 1360 3396 quia
1402 3314 1616 3397 possit
1668 3315 1836 3398 fieri,
1898 3320 1972 3380 ut
2034 3316 2366 3400 patefacta

342 3402 409 3462 et
476 3398 729 3462 detecta
796 3401 1146 3464 mutentur.
1238 3398 1364 3464 Sed
1420 3401 1645 3484 ecquid
1705 3423 1827 3466 nos
1883 3404 2108 3468 eodem
2167 3404 2362 3470 modo
2388 3431 2442 3473 85

340 3505 554 3550 rerum
600 3489 870 3551 naturas
915 3509 1279 3572 persecare,
1337 3489 1610 3570 aperire,
1669 3489 1952 3554 dividere
1997 3512 2363 3579 possumus,
