2609 3884
227 812 296 861 51

227 1691 296 1740 52

225 2567 296 2616 53

333 188 463 254 258
655 189 752 244 DE
789 186 1079 245 FINIBUS
1114 188 1475 247 BONORUM
1508 188 1606 243 ἘΤ
1643 187 2009 245 MALORUM
2052 216 2056 221 ·

334 352 444 437 qui
487 372 621 416 non
664 350 913 434 vident,
955 349 1121 414 nihil
1165 372 1473 434 umquam
1510 371 1818 437 magnum
1862 372 1937 416 ac
1975 348 2350 435 cognitione

335 440 599 541 dignum
664 442 1055 504 amaverunt.
1170 438 1387 522 Atque
1459 437 1586 504 1100
1655 440 1827 522 1000,
1905 438 2013 524 (1111
2084 441 2353 523 propter

334 527 536 592 animi
578 527 948 611 voluptates
991 525 1117 592 coli
1163 525 1384 591 dicunt
1420 547 1496 590 ea
1532 526 1772 611 studia,
1816 548 1981 612 quae
2018 525 2170 610 dixi,
2213 548 2349 591 non

333 616 717 701 intellegunt
761 615 998 681 idcirco
1036 635 1174 679 esse
1212 635 1287 679 ea
1331 617 1599 698 propter
1636 636 1703 679 se
1750 614 2131 699 expetenda,
2176 614 2349 698 quod

334 704 515 769 nulla
566 703 854 767 utilitate
908 702 1161 767 obiecta
1223 702 1623 768 delectentur
1686 702 1888 767 animi
1950 705 2142 786 atque
2200 702 2351 785 ipsa
2376 725 2405 768 e»

337 791 632 875 scientia,
686 790 943 855 etiamsi
995 790 1552 855 incommodatura
1608 790 1721 877 sit,
1784 790 2118 874 gaudeant.
2223 788 2351 854 Sed

335 880 487 964 quid
550 879 786 943 attinet
840 878 917 942 de
971 878 1162 943 rebus
1229 881 1369 943 tam
1424 878 1665 963 apertis
1726 879 1918 961 plura
1979 877 2353 962 requirere?

333 966 468 1050 Ipsi
522 968 692 1031 enim
747 988 1132 1051 quaeramus
1187 988 1226 1031 a
1278 966 1499 1051 1101110,
1560 967 1893 1031 stellarum
1938 969 2153 1031 motus
2199 988 2349 1031 con-

332 1054 916 1139 templationesque
959 1076 1176 1119 rerum
1219 1054 1597 1120 caelestium
1642 1075 1989 1139 eorumque
2036 1053 2346 1139 omnium,

336 1164 499 1226 quae
527 1145 796 1207 naturae
835 1142 1226 1208 obscuritate
1264 1143 1682 1227 occultantur,
1719 1142 2120 1228 cognitiones
2159 1164 2347 1226 quem
2378 1168 2432 1207 ιο

337 1230 418 1295 ad
481 1229 745 1296 modum
797 1251 919 1296 nos
984 1235 1314 1314 moveant,
1376 1234 1442 1294 et
1502 1231 1655 1314 quid
1716 1230 1995 1295 historia
2057 1230 2349 1310 delectet,

335 1339 531 1401 quam
577 1319 857 1384 solemus
901 1318 1198 1403 persequi
1251 1340 1457 1402 usque
1504 1317 1585 1383 ad
1632 1322 2013 1401 extremum,
2063 1322 2345 1403 praeter-

334 1406 535 1471 missa
596 1406 975 1492 repetimus,
1035 1405 1347 1471 inchoata
1411 1407 1867 1491 persequimur.
1982 1404 2119 1471 Nec
2188 1427 2345 1472 vero

335 1516 478 1558 sum
539 1495 797 1560 nescius
863 1516 1000 1560 0000
1062 1494 1418 1559 utilitatem
1470 1494 1541 1559 in
1601 1494 1903 1578 historia,
1965 1516 2099 1559 non
2150 1494 2343 1558 modo

333 1582 750 1667 voluptatem.
824 1581 1017 1665 Quid,
1063 1602 1208 1647 cum
1251 1581 1440 1647 fictas
1487 1581 1769 1666 fabulas,
1815 1603 1849 1646 e
1893 1581 2124 1665 quibus
2169 1582 2433 1648 utili-15

333 1674 439 1735 tas
493 1672 674 1735 nulla
726 1670 871 1735 elici
922 1672 1165 1754 potest,
1219 1691 1365 1734 011111
1419 1670 1750 1770 voluptate
1801 1668 2125 1755 legimus?
2172 1669 2348 1754 quid,

333 1780 480 1822 cum
517 1759 813 1823 volumus
850 1758 1118 1822 nomina
1156 1779 1405 1841 eorum,
1448 1757 1561 1842 qui
1605 1757 1760 1841 quid
1807 1757 2144 1843 gesserint,
2187 1761 2349 1822 nota

331 1846 523 1911 nobis
562 1867 727 1929 esse,
762 1848 1091 1930 parentes,
1127 1844 1427 1929 patriam,
1462 1846 1669 1910 multa
1703 1848 2040 1928 praeterea
2074 1845 2345 1910 minime

331 1933 738 1999 necessaria?
782 1933 962 2017 quid,
1007 1933 1176 2017 quod
1220 1933 1517 1998 homines
1562 1933 1785 1997 infima
1828 1933 2114 2017 fortuna,
2161 1933 2348 1997 nulla

335 2041 448 2103 spe
501 2041 717 2085 rerum
771 2019 1225 2104 gerendarum,
1283 2021 1544 2104 opifices
1610 2020 1880 2105 denique
1941 2020 2345 2085 delectantur
2376 2048 2437 2088 20

332 2107 650 2173 historia?
702 2108 1108 2192 maximeque
1155 2129 1266 2173 eos
1320 2108 1535 2174 videre
1579 2130 1920 2193 possumus
1966 2130 2069 2173 res
2122 2112 2342 2193 gestas

334 2194 554 2259 audire
600 2198 666 2259 et
707 2196 920 2280 legere
966 2196 1159 2280 velle,
1205 2196 1316 2280 qui
1362 2218 1401 2259 a
1445 2217 1558 2279 spe
1603 2196 1866 2282 gerendi
1914 2197 2149 2260 absunt
2193 2217 2341 2261 con-

336 2283 492 2348 fecti
538 2286 880 2349 senectute.
954 2282 1266 2361 Quocirca
1301 2283 1597 2369 intellegi
1631 2304 1891 2348 11000000
1928 2286 2027 2347 est
2069 2283 2136 2347 in
2180 2284 2344 2366 ipsis

331 2371 548 2456 rebus,
604 2393 769 2456 quae
834 2371 1166 2437 discuntur
1232 2372 1297 2434 et
1360 2375 1858 2457 cognoscuntur,
1919 2370 2345 2436 invitamenta

330 2459 567 2545 inesse,
616 2460 848 2546 quibus
897 2460 978 2524 ad
1027 2458 1398 2523 discendum
1443 2460 2083 2543 cognoscendumque
2130 2479 2342 2523 move·
2376 2487 2434 2527 2⁵

334 2570 537 2613 amur.
643 2549 741 2613 Ac
803 2551 1052 2613 veteres
1116 2546 1374 2632 quidem
1435 2546 1808 2630 philosophi
1874 2546 1944 2611 in
2008 2545 2346 2610 beatorum

331 2636 560 2701 insulis
605 2636 946 2722 finguntq
949 2635 1118 2700 ualis
1164 2634 1387 2698 futura
1430 2634 1517 2699 sit
1550 2634 1687 2699 vita
1722 2633 2134 2718 sapientium,
2180 2654 2344 2717 quos

332 2746 486 2789 cura
530 2725 707 2789 omni
751 2724 1089 2807 liberatos,
1131 2722 1387 2787 nullum
1422 2722 1858 2787 necessarium
1894 2721 2063 2786 vitae
2099 2722 2343 2786 cultum

333 2815 447 2875 aut
498 2813 817 2895 paratum
855 2812 1276 2895 requirentes,
1330 2808 1498 2873 nihil
1552 2809 1728 2873 aliud
1784 2811 2038 2874 acturos
2091 2811 2345 2894 putant,

331 2899 456 2963 nisi
511 2902 585 2963 ut
639 2920 829 2963 omne
882 2902 1140 2982 tempus
1193 2896 1572 2982 inquirendo
1628 2918 1705 2961 ac
1758 2896 2059 2961 discendo
2112 2896 2182 2960 in
2229 2918 2343 2961 na·
2374 2924 2434 2965 so

331 2991 513 3050 turae
561 2986 930 3071 cognitione
986 2989 1387 3051 consumant.
1476 2982 1617 3049 Nos
1672 2987 1889 3048 autem
1940 3004 2071 3048 non
2130 2983 2344 3049 solum

333 3075 559 3139 beatae
616 3074 790 3138 vitae
843 3072 1040 3137 istam
1095 3094 1235 3139 esse
1291 3072 1790 3138 oblectationem
1847 3072 2165 3156 videmus,
2230 3072 2344 3137 sed

334 3162 531 3226 etiam
573 3160 1009 3226 levamentum
1046 3161 1472 3226 miseriarum.
1548 3159 1776 3244 Itaque
1823 3159 2036 3244 multi,
2083 3180 2229 3224 cum
2273 3160 2345 3224 in

330 3251 656 3333 potestate
711 3252 926 3313 essent
990 3249 1278 3315 hostium
1335 3252 1448 3313 aut
1507 3253 1959 3332 tyrannorum,
2022 3246 2212 3311 multi
2274 3248 2347 3311 in

335 3336 649 3416 custodia,
713 3337 901 3401 multi
973 3337 1044 3402 in
1117 3337 1342 3402 exsilio
1416 3336 1702 3401 dolorem
1768 3357 1951 3400 suum
2016 3334 2346 3399 doctrinae
2374 3362 2432 3403 85

223 3444 298 3493 54
337 3423 568 3490 studiis
621 3426 935 3489 levarunt.
1032 3423 1342 3507 Princeps
1396 3424 1589 3489 huius
1653 3424 1935 3490 civitatis
1995 3421 2345 3488 Phalereus

334 3511 703 3579 Demetrius
758 3534 904 3578 cum
955 3511 1170 3596 patria
1212 3511 1439 3595 pulsus
1488 3515 1655 3577 esset
1697 3511 1964 3597 iniuria,
2010 3511 2091 3576 ad
2126 3510 2346 3576 Ptolo·
