2609 3884
650 249 656 254 ,
714 191 850 248 ΗΒ.
887 191 930 248 Ι.
987 191 1144 248 GAP.
1180 197 1240 262 5,
1278 198 1329 248 e.
1382 197 1413 259 5
1454 197 1693 248 18-24.
2129 193 2212 256 11

188 353 482 438 quadam
529 353 860 419 societate.
955 352 1055 419 Ac
1110 353 1189 418 de
1243 375 1499 419 summo
1552 354 1813 438 quidem
1866 359 2056 439 atque
2104 377 2217 420 na-

186 441 394 506 turali
451 443 626 507 bono
671 442 766 506 sic
811 447 1045 526 agunt3
1102 445 1317 507 cetera
1371 446 1584 506 autem
1638 445 1957 526 pertinere
2012 443 2095 507 ad
2152 443 2219 507 id

187 533 438 613 putant
476 534 592 595 aut
628 529 1077 613 adaugendum
1123 533 1238 594 aut
1279 529 1659 613 tenendum,
1703 535 1778 594 ut
1825 531 2102 616 divitias,
2144 535 2219 595 ut

189 638 382 701 opes,
435 620 513 682 ut
565 618 870 703 gloriam,
922 622 998 683 ut
1049 617 1351 703 gratiam.
1458 615 1565 682 Ita
1616 619 1951 702 tripartita
2002 620 2086 683 ab
2136 619 2221 684 iis

131 729 163 770 ε
191 705 527 770 inducitur
570 706 743 771 ratio
786 706 1122 772 bonorum.

375 792 594 878 Atque
645 794 808 860 haec
869 794 988 859 illa
1050 797 1200 859 sunt
1253 793 1387 858 tria
1441 813 1705 878 genera,
1763 816 1928 879 quae
1990 798 2223 879 putant
2258 763 2325 889 262

190 881 492 966 plerique
545 881 1013 965 Peripateticos
1067 882 1297 947 dicere.
1393 881 1472 946 Id
1524 882 1783 966 quidem
1836 903 1969 946 non
2026 884 2221 968 falso;

193 973 302 1034 est
371 969 544 1034 enim
613 969 776 1034 haec
834 970 1107 1055 partitio
1169 969 1458 1050 illorum3
1532 969 1693 1034 illud
1764 969 2222 1054 imprudenter,

195 1058 259 1122 si
335 1058 502 1122 alios
567 1079 706 1122 esse
779 1057 1199 1123 Academicos
1271 1060 1318 1139 †
1389 1058 1499 1141 qui
1570 1057 1725 1122 dum
1796 1059 2224 1143 appellantur,

115 1170 168 1210 10
197 1143 367 1210 alios
411 1145 880 1230 Peripateticos
927 1146 1343 1212 arbitramur.
1424 1143 1801 1210 Communis
1846 1147 2008 1211 haec
2051 1147 2222 1212 ratio

195 1237 268 1298 et
302 1233 594 1317 utrisque
629 1233 736 1299 hic
772 1233 1091 1300 bonorum
1126 1234 1275 1298 finis
1312 1234 1680 1318 videbatur,
1718 1234 2013 1317 adipisci,
2058 1255 2223 1318 quae

195 1325 422 1386 essent
465 1322 677 1405 prima
722 1325 958 1387 natura
1003 1343 1288 1406 quaeque
1334 1321 1481 1405 ipsa
1515 1342 1633 1405 per
1674 1343 1813 1386 sese
1850 1323 2224 1406 expetenda,

197 1411 319 1474 aut
381 1410 600 1474 omnia
663 1413 778 1474 aut
838 1410 1138 1474 maxima.
1249 1408 1355 1474 Ea
1422 1413 1573 1474 sunt
1644 1413 1863 1474 autem
1926 1410 2225 1493 maxima,

197 1518 370 1581 quae
421 1497 494 1562 in
547 1497 693 1581 ipso
747 1498 964 1562 animo
1021 1501 1214 1581 atque
1267 1498 1339 1562 in
1396 1497 1541 1581 ipsa
1584 1498 1824 1562 virtute
1868 1503 2225 1562 versantur.

117 1608 171 1650 ιε
196 1585 435 1669 Itaque
489 1585 702 1650 omnis
757 1585 875 1650 illa
928 1587 1194 1669 antiqua
1244 1584 1663 1670 philosophia
1717 1586 1920 1650 sensit
1972 1587 2047 1650 in
2094 1607 2227 1650 una

197 1674 450 1739 virtute
478 1695 619 1739 esse
655 1673 941 1757 positam
976 1675 1237 1739 beatam
1273 1675 1498 1756 vitam,
1532 1694 1652 1738 nec
1682 1677 1905 1737 tamen
1931 1672 2226 1738 beatissi-

197 1783 406 1846 mam,
457 1761 588 1826 nisi
642 1760 1142 1846 adiungerentur
1195 1764 1261 1825 et
1314 1760 1602 1845 corporis
1656 1764 1724 1826 et
1768 1765 2008 1842 cetera,
2062 1782 2226 1845 quae

200 1871 406 1933 supra
464 1849 638 1914 dicta
689 1853 868 1932 sunt,
922 1849 1006 1915 ad
1059 1849 1317 1917 virtutis
1371 1871 1561 1913 usum
1610 1849 1861 1914 idonea.
1958 1848 2061 1914 Ex
2103 1848 2227 1914 hac
2263 1866 2331 1915 23

201 1936 631 2021 discriptione
685 1937 920 2022 agendi
975 1958 1230 2022 quoque
1287 1935 1531 2020 aliquid
1582 1937 1655 2001 in
1706 1937 1847 2002 vita
1907 1941 1974 2000 et
2032 1936 2229 2001 officii

123 2049 175 2089 ιο
203 2025 416 2110 ipsius
451 2025 711 2090 initium
745 2025 1215 2109 reperiebatur,
1252 2024 1423 2109 quod
1460 2027 1600 2089 erat
1628 2025 1701 2089 in
1736 2026 2227 2090 conservatione

204 2135 430 2179 earum
475 2135 719 2196 rerum,
763 2135 922 2197 quas
965 2117 1202 2178 natura
1235 2112 1721 2196 praescriberet.
1792 2112 1965 2178 Hinc
2004 2113 2227 2197 gigne-

203 2203 402 2267 batur
444 2201 602 2286 fuga
645 2201 928 2266 desidiae
964 2201 1499 2286 voluptatumque
1538 2202 1951 2285 contemptiO,
1986 2222 2065 2266 ex
2102 2221 2229 2284 quo

203 2289 512 2354 laborum
543 2288 958 2374 dolorumque
987 2289 1311 2373 susceptio
1342 2289 1697 2354 multorum
1723 2309 2228 2374 magnorumque

206 2377 374 2442 recti
425 2375 806 2461 honestique
861 2399 1058 2443 causa
1113 2382 1180 2442 et
1231 2397 1455 2442 earum
1516 2398 1757 2459 rerum,
1822 2397 1983 2461 quae
2048 2379 2231 2440 erant

132 2489 182 2528 25
209 2468 644 2550 congruentes
726 2486 872 2530 cum
949 2465 1459 2549 praescriptione
1538 2468 1837 2547 naturae,
1916 2464 2085 2529 unde
2167 2467 2233 2528 et

212 2553 503 2618 amicitia
545 2553 898 2618 exsistebat
955 2557 1020 2618 et
1071 2552 1326 2618 iustitia
1382 2556 1575 2636 atque
1622 2552 1941 2635 aequitas,
1994 2571 2231 2634 eaeque

211 2645 280 2706 et
330 2641 774 2724 voluptatibus
830 2645 897 2706 et
949 2642 1174 2707 multis
1242 2641 1433 2706 vitae.
1471 2639 1825 2705 commodis
1890 2642 2234 2721 antepone-

210 2729 469 2794 bantur.
548 2727 728 2794 Haec
773 2729 1030 2814 quidem
1074 2729 1202 2794 fuit
1238 2727 1409 2813 apud
1454 2749 1565 2792 eos
1607 2748 1859 2793 morum
1905 2727 2231 2792 institutio

216 2820 284 2882 et
354 2817 496 2881 eius
566 2817 802 2902 partis,
866 2839 1061 2902 quam
1123 2817 1402 2900 primam
1470 2816 1687 2899 posui,
1757 2811 1971 2880 forma
2041 2818 2235 2898 atque

139 2927 188 2970 ιο
215 2903 572 2988 discriptio.

345 2991 449 3057 De
509 2996 746 3058 natura
797 2997 1012 3058 autem
1073 2991 1170 3078 (id
1224 2993 1396 3058 enim
1450 2987 1867 3077 sequebatur)
1920 2989 2015 3056 ita
2073 2991 2236 3055 dice·
2272 3009 2342 3058 24

217 3080 405 3165 bant,
459 3089 532 3145 ut
577 3102 722 3146 eam
769 3081 1128 3146 dividerent
1171 3081 1242 3146 in
1284 3101 1389 3145 res
1442 3079 1628 3164 duas,
1679 3082 1757 3144 ut
1808 3079 2015 3145 altera
2069 3082 2240 3144 esset

218 3169 502 3234 efficiens
517 3218 536 3252 ,
609 3170 816 3235 altera
887 3172 1106 3234 autem
1166 3169 1354 3253 quasi
1424 3167 1575 3233 huic
1638 3189 1707 3233 se
1778 3168 2095 3252 praebens
2167 3187 2240 3232 ex

221 3279 424 3342 eaque
480 3257 840 3324 efficeretur
894 3255 1154 3341 aliquid.
1251 3255 1335 3322 In
1378 3277 1481 3341 eo,
1534 3255 1707 3340 quod
1751 3255 2061 3338 efficeret,
2105 3255 2239 3319 vim

144 3369 193 3411 ω
220 3367 358 3410 esse
394 3346 763 3431 censebant,
796 3347 868 3410 in
903 3366 980 3411 eo
1018 3349 1253 3429 autem,
1287 3344 1459 3428 quod
1490 3343 1867 3426 efficeretur,
1900 3342 2241 3406 materiam

218 3433 571 3518 quandam,
633 3433 706 3498 in
773 3437 1047 3518 utroque
1100 3436 1323 3498 tamen
1375 3436 1745 3516 utrumque3
1798 3451 2009 3514 neque
2068 3429 2241 3492 enim

219 3522 562 3588 materiam
617 3522 831 3607 ipsam
885 3521 1228 3588 cohaerere
1281 3521 1596 3606 potuisse,
1656 3520 1715 3584 si
1756 3518 1937 3582 nulla
1981 3516 2046 3580 vi
2091 3536 2238 3579 con-
