2609 3884
388 207 515 274 120
718 207 816 263 DE
853 207 1145 263 FINIBUS
1182 206 1546 263 BONORUM
1577 207 1676 263 ET
1711 207 2080 265 MALORUM

382 368 455 423 ab
502 367 759 423 omnibus
808 367 1055 437 dicatur,
1106 383 1249 436 quae
1296 367 1373 422 sit
1413 367 1474 421 in
1517 365 1760 422 iucundo
1803 369 1961 422 motu
2017 384 2235 439 sensus,
2283 369 2410 426 tum

382 455 507 564 522⁰
520 481 536 508 ’
549 438 937 580 θῖἶῖθὲἳὲἷὲἷ
972 437 1048 564 ”¹2¹²
1081 437 2240 580 ³¹²3‚³⁰202013ffi3233133333222222
2263 456 2409 566 3531

935 552 948 565 ·
1196 550 1211 577 v

383 581 598 649 dolere,
646 579 747 636 sed
788 580 937 636 inter
981 579 1335 650 voluptatem
1390 581 1450 635 et
1504 578 1757 635 dolorem
1805 580 2035 635 tertium
2079 581 2187 637 hoc
2234 581 2409 637 inter·

381 651 590 707 iectum
635 668 781 721 esse,
827 668 955 707 cum
998 666 1179 719 neque
1224 650 1287 705 in
1333 649 1528 706 dolore
1572 666 1754 719 neque
1799 650 1860 705 in
1907 651 2197 722 voluptate
2234 651 2410 707 simus

382 723 472 790 (ca
515 767 526 778 .
578 728 690 776 4—
704 725 774 792 5).
864 721 1011 777 Hinc
1061 720 1177 776 iam
1232 721 1522 789 Torquato
1575 721 1912 791 respondere
1955 723 2208 791 nolente,
2255 724 2411 792 quod

384 742 696 848 dialecticis
742 792 1096 862 captionibus
1142 808 1203 847 se
1247 792 1455 847 irretiri
1500 793 1690 862 putat,
1741 791 1934 848 Cicero
2013 795 2248 864 erpetua
2283 810 2409 850 ora-

380 864 537 918 tione
582 863 736 918 idem
771 863 1051 934 explicare
1094 862 1283 933 pergit
1315 863 1647 932 Epicurum,
1698 862 1748 917 si
1783 863 1895 918 duo
1936 863 1948 875 ⁶
1999 881 2034 918 a
2069 862 2409 936 coniungere

379 935 582 1002 vellet,
619 933 834 1004 duplici
866 933 976 989 fine
1008 933 1285 989 bonorum
1321 933 1408 988 uti
1443 933 1726 1001 debuisse3
1780 934 1918 989 duas
1954 933 2105 989 enim
2141 951 2262 990 esse
2298 952 2409 1004 res,

380 1021 496 1060 non
538 1005 718 1059 solum
761 1005 937 1059 verba
983 1005 1127 1074 (cap.
1166 1007 1249 1074 6),
1293 1021 1442 1059 nunc
1489 1023 1663 1058 unum
1698 1020 1827 1058 eum
1863 1020 1932 1060 ex
1967 1005 2183 1060 duobus
2217 1006 2408 1062 facere

382 1074 598 1140 conari3
635 1091 767 1128 nam
799 1074 1083 1129 interdum
1117 1074 1203 1130 ita
1235 1075 1398 1144 loqui
1433 1075 1504 1130 de
1539 1077 1699 1130 motu
1731 1075 2042 1144 voluptatis
2069 1077 2129 1131 in
2156 1093 2408 1147 corpore,

381 1148 447 1200 ut
498 1144 671 1201 etiam
720 1145 974 1201 luxuriae
1028 1145 1406 1216 patrocinium
1470 1146 1752 1216 suscipere
1813 1146 2076 1201 videatur
2129 1149 2272 1217 (cap.
2331 1151 2408 1218 7),

380 1216 551 1272 modo
588 1216 712 1284 quis
750 1216 1039 1286 eleganter
1074 1219 1135 1271 et
1170 1218 1334 1272 caute
1369 1217 1686 1272 luxuriosus
1722 1215 1798 1271 sit
1832 1218 1914 1286 (et
1937 1221 2130 1272 tamen
2158 1218 2408 1272 luxurio-

382 1303 475 1342 sos
511 1287 757 1342 suaviter
788 1287 1006 1356 vivere,
1050 1303 1165 1342 non
1200 1287 1370 1354 bene,
1419 1304 1561 1356 quae
1605 1288 1776 1357 longe
1815 1287 1928 1342 sint
1973 1288 2225 1343 diiuncta
2260 1298 2406 1358 (cap.

382 1362 464 1429 8),
501 1375 605 1413 nec
638 1359 793 1412 recte
828 1357 1132 1428 Epicurum
1168 1358 1508 1429 cupiditates
1554 1357 1810 1413 divisisse
1857 1357 2135 1414 desideria
2169 1361 2408 1414 naturae

382 1445 509 1484 cum
536 1428 940 1498 cupiditatibus
968 1429 1447 1498 confundentem);
1477 1428 1676 1484 deinde
1703 1430 1908 1494 autem,
1938 1447 2066 1484 cum
2082 1428 2247 1484 huius
2276 1445 2409 1485 eum

383 1499 747 1570 turpitudinis
790 1498 1078 1569 puduerit,
1126 1499 1206 1554 sic
1243 1501 1486 1554 alterum
1518 1499 1689 1568 illud,
1733 1516 1852 1554 non
1884 1500 2078 1555 dolore
2091 1543 2106 1569 ,
2155 1500 2407 1570 laudare,

381 1572 447 1625 ut
478 1571 635 1640 prior
668 1569 771 1624 illa
805 1573 863 1626 et
896 1587 1031 1627 vera
1064 1571 1330 1640 voluptas
1367 1571 1695 1626 obscuretur
1731 1572 1873 1640 (cap.
1913 1573 1983 1640 9).
2056 1571 2255 1640 Itaque
2291 1588 2408 1626 non

380 1645 532 1697 recte
577 1658 705 1695 eum
750 1656 786 1694 a
827 1641 1015 1712 pueris
1060 1643 1121 1696 et
1161 1641 1358 1696 bestiis
1405 1643 1797 1712 argumentum
1843 1657 2086 1710 sumere,
2134 1659 2262 1696 cum
2308 1658 2406 1698 eos

383 1729 615 1767 suavem
639 1711 799 1766 illam
815 1713 1165 1782 voluptatem
1184 1713 1446 1782 expetere
1474 1712 1644 1781 dicat,
1672 1729 1948 1766 summum
1976 1715 2166 1768 autem
2191 1713 2405 1767 bonum

379 1800 494 1838 non
529 1782 720 1838 dolere
758 1798 881 1838 esse
916 1783 1058 1838 velit
1092 1785 1236 1853 (cap.
1277 1785 1383 1854 10).
1464 1782 1585 1838 Nec
1630 1781 1857 1838 omnino
1903 1782 2112 1839 animal
2159 1782 2406 1854 primum

384 1856 594 1922 ortum,
630 1856 697 1908 ut
730 1847 1082 1924 voluptatem
1116 1855 1303 1924 petat,
1339 1855 1541 1908 natura
1574 1853 1815 1922 moveri,
1866 1853 1967 1908 sed
2001 1855 2068 1909 ut
2103 1870 2161 1909 se
2199 1854 2407 1924 diligat

384 1927 445 1980 et
479 1925 793 1991 conservet3
830 1924 1021 1993 itaque
1056 1924 1118 1978 in
1151 1923 1247 1992 iis,
1286 1940 1430 1993 quae
1455 1924 1640 1994 prima
1665 1925 2029 1994 appetantur,
2065 1924 2246 1980 multa
2282 1941 2405 1980 esse

382 1996 606 2064 praeter
631 1994 1008 2064 voluptatem,
1042 1997 1211 2063 atque
1246 1995 1317 2049 ab
1345 1995 1546 2050 horum
1571 1994 1878 2064 primorum
1905 1995 2248 2049 naturalium
2276 2011 2406 2051 con·
2449 2024 2454 2028 ·

383 2065 676 2119 stitutione
703 2064 875 2119 fluere
905 2081 1125 2119 omnem
1151 2065 1427 2120 bonorum
1454 2067 1514 2121 et
1537 2067 1818 2120 malorum
1851 2065 2146 2134 rationem,
2185 2068 2404 2121 ceteros

380 2135 749 2204 philosophos
803 2135 914 2189 sibi
967 2135 1312 2202 constitisse,
1365 2137 1430 2190 ut
1483 2134 1578 2204 iis,
1635 2152 1779 2205 quae
1837 2135 2021 2205 prima
2067 2136 2404 2206 posuissent,

380 2205 506 2259 finis
541 2206 815 2260 bonorum
849 2207 1240 2274 responderet,
1276 2205 1580 2275 Epicurum
1607 2223 1643 2261 a
1670 2222 1730 2262 se
1767 2206 2083 2276 discrepare
2121 2209 2263 2277 (cap.
2297 2210 2404 2277 11).

380 2276 597 2352 Deinde
635 2274 828 2331 Cicero
865 2275 1117 2358 disputat
1149 2293 1263 2332 non
1298 2294 1560 2332 sensuum
1594 2278 1703 2333 hoc
1739 2293 1860 2332 esse
1897 2276 1967 2331 de
2003 2294 2218 2332 summo
2259 2279 2408 2333 bono

380 2346 673 2414 iudicium,
720 2346 818 2401 sed
862 2347 1121 2415 rat1onis,
1167 2363 1311 2416 quae
1357 2364 1550 2403 omnes
1595 2348 1903 2403 sententias
1949 2350 2050 2402 aut
2095 2349 2406 2418 voluptatis

381 2417 683 2488 participes
738 2419 839 2472 aut
889 2417 1113 2472 virtutis
1169 2420 1425 2488 expertes
1477 2417 1678 2474 reiciat
1730 2421 1872 2488 (cap.
1923 2421 2028 2488 12).
2106 2419 2286 2473 Huius
2344 2436 2406 2474 se

383 2489 637 2558 exemplo
682 2489 1119 2544 controversiam
1164 2489 1412 2544 minuere
1458 2490 1605 2544 velle
1651 2492 2101 2558 semoturumque
2137 2507 2174 2544 a
2218 2489 2408 2559 philo-

382 2559 581 2630 sophia
616 2561 830 2615 ceteras
867 2559 1199 2630 sententias,
1233 2561 1294 2615 in
1332 2560 1532 2629 quibus
1557 2560 1714 2614 nulla
1741 2560 1817 2615 sit
1850 2559 2073 2614 virtutis
2109 2559 2402 2615 adiunctio

382 2633 525 2700 (cap.
567 2636 631 2684 13
659 2670 671 2684 .
760 2631 849 2686 Ita
892 2631 1137 2700 relinqui
1178 2631 1328 2686 inter
1371 2631 1642 2686 virtutem
1676 2632 1736 2686 et
1767 2631 2120 2712 voluptatem
2160 2631 2233 2685 ab
2269 2631 2405 2701 Epi-

380 2717 513 2756 curo
552 2702 620 2755 de
647 2717 836 2756 ensam
872 2703 1172 2758 certamen.
1252 2703 1374 2756 Iam
1408 2702 1458 2757 si
1492 2700 1800 2757 ostenderit
1845 2701 2062 2770 ahquid
2103 2702 2406 2756 honestum

378 2771 831 2896 {35:132‘150353}
859 2772 1330 2898 Sssivinffisspoefi
1361 2788 1532 2897 ⁸⁶33ss
1567 2771 2407 2898 ifflendffffioiffsseffnssffl

379 2911 621 2966 hominis
642 2859 855 2966 pomnis
916 2861 1094 2968 virgus
1153 2861 1406 2969 oriaturxp
1422 2861 1712 2984 (cap.1gl4)
1727 2885 1759 2982 ‚²
1797 2860 1933 2981 geo,
1994 2915 2062 2967 ut
2125 2912 2405 2983 Epicurus

378 2983 565 3051 putet,
610 2981 670 3035 id
715 2998 840 3036 esse
881 2983 1206 3053 honestum,
1252 2983 1405 3054 quod
1447 2983 1710 3065 populari
1752 2983 1907 3038 fama
1953 2984 2218 3039 laudetur
2253 2987 2402 3054 (cap.

383 3055 488 3120 15).
551 3051 714 3117 Quod
749 3055 935 3107 autem
974 3054 1247 3124 Epicurus
1272 3055 1583 3125 voluptat1s
1621 3070 1791 3109 causa
1826 3056 1886 3110 et
1918 3053 2406 3110 incommodorum

378 3123 534 3176 metu
577 3121 816 3177 virtutes
862 3125 1051 3193 expeti
1095 3124 1324 3194 doceat,
1369 3125 1692 3195 perinfirma
1735 3139 1804 3180 ea
1853 3125 2236 3195 improbitatis
2280 3127 2406 3181 vin-

380 3193 507 3247 cula
541 3192 602 3247 in
639 3192 857 3248 callidis
894 3197 953 3249 et
984 3195 1312 3265 potentibus
1347 3196 1668 3252 hominibus
1705 3212 1853 3266 esse,
1904 3213 2033 3250 cum
2067 3197 2405 3266 praesertim

377 3263 620 3332 Epicuro
670 3265 728 3318 et
771 3263 870 3332 qui
914 3282 1043 3321 eum
1088 3268 1406 3335 sequantur,
1437 3267 1611 3322 etiam
1669 3284 1797 3323 cum
1847 3266 2106 3336 periculo
2159 3283 2405 3340 magnae

375 3334 700 3404 voluptates
746 3351 948 3404 eaque,
996 3335 1196 3406 quibus
1240 3337 1375 3392 illae
1420 3339 1712 3408 parentur,
1757 3338 1916 3394 velut
1958 3338 2229 3420 pecuniae
2243 3381 2257 3407 ,
2306 3354 2405 3408 pe-

376 3405 548 3459 tenda
592 3403 705 3459 sint
750 3407 893 3476 (cap.
935 3412 1001 3463 16
1015 3439 1076 3448 -
1093 3410 1209 3477 18),
1234 3408 1593 3478 *eandemque
1637 3410 2047 3478 temperantiae
2083 3411 2146 3464 et
2177 3408 2403 3464 fortitu-

378 3475 525 3530 dinis
559 3475 837 3531 rationem
874 3493 1021 3547 esse,
1064 3480 1131 3533 ut
1168 3495 1267 3534 eae
1302 3480 1426 3534 tum
1461 3478 1686 3534 demum
1724 3482 2060 3549 appareant,
2108 3480 2157 3534 si
2191 3479 2405 3534 nullius

378 3546 657 3601 commodi
694 3563 863 3602 causa
898 3549 1133 3604 honeste
1169 3551 1373 3619 agatur
1410 3551 1555 3620 (cap.
1597 3553 1700 3620 19).
1784 3549 1845 3603 Si
1879 3549 2112 3619 Epicuri
2153 3567 2290 3606 vera
2326 3551 2409 3606 sit
