2609 3884
273 1225 341 1276 48

276 2396 357 2460 17

276 3416 345 3465 ⁶0

378 160 511 224 442
772 157 1371 213 TUSCULANARUM
1404 156 2011 212 DISPUTATIONUM

378 323 543 408 pleri
605 325 876 425 negant3
940 320 1011 385 hi
1066 322 1283 385 autem
1339 318 1476 383 sine
1530 318 1613 384 iis
1669 341 1810 384 esse
1861 320 2112 384 nullam
2171 323 2413 405 putant

379 415 520 496 aut,
582 411 643 476 si
707 410 796 474 sit
858 410 1078 492 beata,
1141 408 1589 472 beatissimam
1653 411 1825 472 certe
1889 411 2155 493 negant.
2265 409 2410 474 Nos

380 503 595 565 autem
657 498 955 563 volumus
1018 496 1493 581 beatissimam,
1564 495 1752 580 idque
1820 495 2008 561 nobis
2074 494 2412 576 Socratica

378 589 496 652 illa
550 586 963 652 conclusione
1015 585 1452 652 confirmatur.
1552 581 1658 648 Sic
1714 584 1885 649 enim
1936 584 2242 686 princeps
2291 571 2410 649 ille

376 675 834 760 philosophiae
869 673 1255 739 disserebat.
1293 672 1502 756 qualis
1542 671 1849 756 cuiusque
1879 672 2080 736 animi
2109 672 2408 737 adfectus
2433 698 2456 739 ⁵

380 767 576 846 esset,
630 763 829 828 talem
883 783 1025 827 esse
1077 760 1435 844 hominem3
1491 759 1700 845 qualis
1747 763 1961 825 autem
2011 760 2213 826 homo
2265 761 2409 844 ipse

378 854 575 934 esset,
620 851 820 915 talem
858 851 997 916 eius
1034 871 1176 914 esse
1215 849 1601 932 orationem3
1647 848 1926 913 orationi
1963 852 2182 913 autem
2226 848 2411 914 facta

380 901 648 1024 similia,
692 938 886 1003 factis
932 939 1154 1003 vitam.
1245 936 1558 1001 Adfectus
1605 940 1821 1001 autem
1869 937 2068 1001 animi
2113 937 2184 1002 in
2231 938 2407 1002 bono

377 1028 516 1094 viro
563 1026 938 1111 laudabilis,
997 1027 1064 1089 et
1106 1025 1244 1090 vita
1288 1025 1494 1109 igitur
1536 1024 1882 1090 laudabilis
1930 1025 2083 1089 boni
2127 1024 2283 1110 viri,
2341 1029 2409 1090 et
2576 1105 2577 1108 Ἴ

375 1115 656 1180 honesta
688 1135 863 1200 ergo,
899 1113 1205 1198 quoniam
1241 1113 1606 1178 laudabilis.
1667 1112 1771 1176 Ex
1808 1111 2041 1196 quibus
2077 1113 2406 1178 bonorum
2433 1139 2481 1179 10

376 1204 641 1268 beatam
684 1202 891 1267 vitam
938 1222 1078 1266 esse
1124 1201 1543 1266 concluditur.
1631 1200 1923 1284 Etenim,
1964 1222 2084 1285 pro
2136 1201 2406 1267 deorum
2576 1205 2577 1208 ’

379 1294 571 1374 atque
616 1290 953 1355 hominum
998 1289 1219 1354 fidem!
1270 1311 1583 1373 parumne
1629 1289 1967 1372 cognitum
2012 1292 2113 1353 est
2157 1289 2407 1373 superi-

378 1379 598 1445 oribus
644 1378 888 1443 nostris
936 1377 1511 1463 disputationibuS,
1556 1398 1641 1441 an
1686 1377 2134 1442 delectationis
2172 1382 2242 1443 et
2287 1378 2409 1442 otii

377 1466 799 1534 consumendi
862 1487 1057 1530 eausa
1118 1465 1318 1531 locuti
1375 1487 1596 1531 sumus
1660 1465 2019 1548 sapientem
2078 1464 2161 1530 ab
2224 1465 2408 1530 omni

378 1555 809 1621 concitatione
847 1554 1068 1636 animi,
1104 1575 1297 1638 quam
1333 1552 1889 1636 perturbationem
1925 1573 2105 1636 voco,
2151 1574 2409 1637 semper
2435 1579 2481 1620 ιε

379 1664 637 1721 vacare,
710 1663 965 1726 semper
1036 1642 1107 1705 in
1180 1641 1398 1705 animo
1472 1641 1609 1704 eius
1684 1661 1824 1706 esse
1896 1639 2407 1724 placidissimam

376 1729 648 1815 pacem?
737 1728 858 1795 Vir
912 1730 1117 1814 igitur
1160 1732 1585 1812 temperatus,
1641 1731 1944 1794 constans
1951 1779 1970 1813 ‚
2022 1729 2162 1793 sine
2207 1732 2409 1809 metu,

378 1819 517 1884 sine
584 1817 1014 1902 aegritudine,
1086 1817 1224 1881 sine
1289 1817 1624 1881 alacritate
1685 1817 1846 1901 ulla,
1920 1816 2057 1881 sine
2130 1816 2406 1882 libidine

376 1927 592 1971 nonne
637 1905 911 1970 beatus?
959 1907 1030 1970 at
1075 1926 1330 1988 semper
1376 1905 1632 1988 sapiens
1677 1904 1855 1987 talis3
1905 1925 2158 1987 semper
2196 1906 2408 1990 igitur

378 1994 627 2059 beatus.
724 1993 867 2058 Iam
924 2014 1074 2057 vero
1132 1994 1244 2078 qui
1297 1996 1516 2077 potest
1567 1993 1667 2056 vir
1719 1993 1929 2066 bonus
1983 2015 2116 2057 non
2172 1993 2256 2057 ad
2320 1994 2404 2079 id,
2429 2021 2478 2061 20

378 2082 548 2167 quod
592 2081 922 2146 laudabile
968 2081 1079 2164 sit,
1124 2082 1346 2146 omnia
1389 2079 1662 2164 referre,
1717 2102 1880 2165 quae
1929 2081 2070 2166 agit
2113 2103 2404 2167 quaeque

380 2168 621 2234 sentit?
666 2167 869 2232 refert
914 2172 1131 2232 autem
1171 2169 1390 2234 omnia
1429 2169 1511 2234 ad
1555 2168 1744 2233 beate
1789 2168 2162 2252 vivendum3
2209 2169 2405 2234 beata

377 2257 581 2340 igitur
623 2255 763 2320 vita
806 2255 1181 2340 laudabilis3
1240 2278 1360 2322 nec
1406 2258 1746 2341 quicquam
1793 2257 1932 2321 sine
1977 2257 2220 2321 virtute
2267 2258 2404 2324 lau-

380 2343 623 2427 dabile3
667 2342 862 2408 beata
906 2343 1109 2428 igitur
1152 2343 1290 2408 vita
1336 2344 1575 2410 virtute
1623 2345 1975 2410 conficitur.

512 2432 727 2534 Atque
782 2431 908 2496 hoc
963 2431 1057 2497 sic
1112 2432 1311 2496 etiam
1368 2431 1792 2498 concluditur:
1854 2431 1994 2498 Nec
2037 2432 2107 2497 in
2161 2433 2404 2499 misera
2428 2461 2475 2501 25

310 2473 519 2588 9vita
563 2520 903 2606 quicquam
943 2521 1043 2585 est
1084 2521 1517 2604 praedicabile
1565 2524 1678 2585 aut
1722 2520 2128 2622 gloriandum
2173 2542 2294 2586 nec
2337 2522 2401 2586 in

380 2631 483 2692 ea,
530 2631 696 2694 quae
739 2628 858 2672 nec
905 2629 1141 2673 misera
1174 2609 1275 2673 sit
1316 2630 1436 2674 nec
1480 2609 1691 2672 beata.
1789 2607 1880 2672 Et
1924 2611 2026 2674 est
2070 2609 2139 2672 in
2185 2609 2400 2693 aliqua

378 2697 516 2761 vita
570 2695 1011 2781 praedicabile
1073 2695 1319 2780 aliquid
1378 2699 1445 2761 et
1502 2696 1914 2782 gloriandum
1975 2718 2050 2762 ac
2115 2718 2274 2779 prae
2334 2719 2400 2762 se

378 2783 736 2868 ferendum,
780 2786 855 2848 ut
898 2781 1413 2866 Epaminondas·

469 2902 843 2972 Consiliis
889 2907 1189 2973 nostris
1243 2908 1412 2972 laus
1461 2911 1579 2973 est
1633 2911 1944 2973 attonsa
1987 2907 2470 2993 Laconum,3o

380 3047 455 3110 ut
499 3044 875 3112 Africanusz

466 3168 529 3235 A
577 3170 739 3235 sole
786 3171 1188 3236 exoriente
1235 3193 1470 3255 supra
1513 3169 1846 3237 Maeotis
1891 3171 2208 3254 paludes

553 3257 803 3323 Nemo
852 3261 997 3342 est,
1043 3259 1173 3341 qui
1218 3258 1456 3323 factis
1503 3260 2005 3343 aequiperare
2053 3263 2301 3343 queat.

382 3394 567 3470 Quod
627 3397 684 3461 si
719 3401 854 3479 est,
912 3397 1109 3459 beata
1154 3397 1290 3460 vita
1344 3398 1688 3500 glorianda
1740 3403 1807 3463 et
1858 3399 2292 3483 praedicanda
2339 3402 2400 3464 et

379 3502 535 3562 prae
581 3502 650 3545 se
693 3445 957 3545 ferenda
1002 3485 1129 3567 est3
1177 3483 1344 3547 nihil
1391 3489 1492 3550 est
1537 3487 1710 3550 enim
1757 3486 1959 3570 aliud,
2006 3487 2177 3570 quod
2221 3508 2400 3572 prae-
2424 3510 2468 3553 σε
