2609 3884
677 142 811 197 ΜΒ.
848 143 943 199 ΙΠ.
1002 143 1156 201 CAP.
1193 151 1256 235 4.,
1293 150 1345 202 5.
1401 151 1433 212 5
1478 153 1722 204 12—17.
2088 150 2214 215 177

177 326 385 387 quam
439 305 931 387 proegmenis
979 308 1047 369 et
1100 308 1743 393 apoproegmenis
1804 311 2216 396 concedatur3

179 414 582 476 quamquam
619 392 778 457 haec
816 392 1076 477 quidem
1111 398 1571 478 praeposita
1605 401 1779 463 recte
1817 404 1885 463 et
1918 400 2216 466 reiecta

179 480 405 545 dicere
451 481 691 545 licebit.
791 480 968 545 Bene
1021 482 1214 566 facis,
1267 484 1504 568 inquit,
1561 486 1733 569 quod
1778 508 1881 550 me
1928 488 2216 572 adiuvas,
2256 502 2320 551 16

181 571 256 631 et
311 568 460 632 istis
517 569 802 652 quidem,
859 590 1025 654 quae
1078 570 1270 636 modo
1327 572 1576 656 dixisti,
1629 579 1779 639 utar
1831 576 2049 657 potius
2094 575 2217 640 La-

118 680 148 721 5
179 656 377 739 tinis,
432 656 502 719 in
557 658 784 721 ceteris
842 658 1210 742 subvenies,
1266 660 1324 723 si
1369 681 1474 725 me
1522 660 1898 726 haerentem
1943 663 2215 728 videbis.

181 742 455 827 Sedulo,
507 744 797 830 inquam,
850 745 1108 811 faciam.
1207 744 1333 811 Sed
1379 747 1667 813 ‘fortuna
1712 749 1958 827 fortis';
2018 773 2213 835 quare

181 854 451 915 conare,
533 854 789 916 quaeso,
907 833 1077 909 Quid
1150 836 1321 899 enim
1398 858 1741 921 possumus
1823 838 1949 903 hoc
2021 860 2213 923 agere

181 920 518 985 divinius?
783 965 788 971 ‚

321 1008 549 1073 Placet
608 1008 740 1093 his,
801 1009 1037 1095 inquit,
1101 1032 1372 1096 quorum
1436 1014 1604 1078 ratio
1659 1015 1821 1079 mihi
1884 1015 2215 1099 probatur,
2251 1022 2292 1084 5

87 1122 148 1161 10
181 1095 584 1181 simulatque
638 1102 866 1162 natum
923 1099 1011 1163 sit
1067 1100 1315 1163 animal
1370 1099 1552 1186 (hinc
1599 1104 1769 1167 enim
1816 1106 1917 1168 est
1967 1104 2214 1169 ordien-

179 1183 404 1270 dum),
450 1184 664 1268 ipsum
710 1186 837 1250 sibi
884 1187 1220 1251 conciliari
1255 1192 1324 1253 et
1359 1190 1795 1255 commendari
1833 1192 1915 1255 ad
1952 1213 2021 1255 se
2067 1212 2216 1255 con-

179 1273 576 1337 servandum
641 1277 708 1338 et
771 1274 853 1338 ad
908 1296 1095 1338 suum
1150 1279 1392 1340 statum
1448 1300 1676 1363 eaque,
1740 1300 1903 1363 quae
1964 1300 2214 1343 conser-

175 1361 417 1425 vantia
461 1365 616 1426 sunt
661 1362 796 1427 eius
843 1365 1078 1447 status,
1136 1362 1489 1448 diligenda,
1544 1366 1817 1431 alienari
1864 1370 2081 1431 autem
2130 1367 2212 1431 ab

177 1450 464 1514 interitu
537 1450 740 1534 iisque
802 1451 1030 1534 rebus,
1094 1473 1256 1535 quae
1321 1454 1661 1517 interitum
1724 1455 2063 1519 videantur
2122 1454 2214 1517 af-

87 1560 147 1601 ιε
177 1538 384 1601 ferre.
498 1538 574 1603 Id
643 1538 739 1603 ita
811 1559 952 1603 esse
1015 1539 1109 1604 sic
1167 1540 1478 1625 probant,
1543 1541 1714 1625 quod
1778 1546 1953 1626 ante,
2020 1565 2209 1626 quam

176 1626 496 1709 voluptas
543 1629 658 1690 aut
700 1626 886 1692 dolor
932 1628 1253 1711 attigerit,
1310 1629 1621 1694 salutaria
1666 1634 1979 1715 appetant
2021 1634 2214 1713 parvi

180 1717 743 1799 aspernenturque
781 1717 1135 1799 contraria,
1181 1716 1353 1800 quod
1389 1739 1522 1782 non
1556 1719 1766 1801 fieret,
1805 1718 1932 1783 nisi
1970 1722 2214 1783 statum

183 1823 383 1867 suum
429 1801 794 1886 diligerent,
837 1805 1173 1868 interitum
1216 1806 1542 1870 timerent.
1613 1804 1788 1870 Fieri
1826 1810 2042 1871 autem
2081 1826 2216 1870 non

180 1893 444 1975 posset,
497 1894 570 1954 ut
624 1894 1000 1975 appeterent
1055 1893 1327 1977 aliquid,
1388 1894 1519 1958 nisi
1573 1915 1835 1958 sensum
1898 1894 2215 1958 haberent

91 2005 152 2043 20
186 1980 296 2045 sui
343 1999 541 2062 eoque
587 2000 656 2043 se
701 1980 1060 2064 diligerent.
1141 1981 1243 2045 Ex
1289 2003 1419 2065 quo
1464 1982 1758 2067 intellegi
1805 1982 1997 2046 debet
2040 1982 2215 2065 prin-

185 2068 436 2150 cipium
500 2066 759 2132 ductum
823 2089 964 2132 esse
1029 2090 1069 2132 a
1131 2091 1200 2133 se
1272 2068 1619 2153 diligendo.
1733 2069 1812 2135 In
1873 2070 2210 2153 principiis
2251 2086 2317 2134 17

185 2159 413 2219 autem
465 2157 870 2220 naturalibus
922 2157 1212 2241 plerique
1259 2154 1460 2222 Stoici
1513 2180 1647 2223 non
1701 2161 1936 2241 putant
1987 2158 2213 2241 volup-

181 2248 399 2308 tatem
453 2265 594 2308 esse
646 2244 1028 2328 ponendam.
1138 2244 1387 2320 Quibus
1452 2267 1573 2331 ego
1638 2246 2051 2311 vehementer
2114 2267 2213 2309 as·

185 2332 468 2415 sentior,
539 2354 652 2415 ne,
715 2334 775 2397 si
846 2334 1249 2416 voluptatem
1310 2337 1549 2399 natura
1616 2334 1917 2418 posuisse
1990 2335 2062 2398 in
2132 2334 2215 2397 iis

94 2444 154 2484 25
182 2420 389 2484 rebus
435 2421 755 2504 videatur,
801 2442 963 2505 quae
998 2422 1247 2504 primae
1283 2426 1708 2506 appetuntur,
1753 2424 1961 2486 multa
1994 2422 2215 2503 turpia

185 2511 564 2593 sequantur.
639 2507 814 2574 Satis
853 2530 992 2573 esse
1031 2512 1246 2573 autem
1283 2511 1654 2594 argumenti
1693 2510 1973 2591 videtur,
2020 2530 2213 2593 quam

185 2598 276 2661 ob
337 2618 474 2660 rem
530 2597 673 2681 illa,
739 2618 901 2681 quae
969 2598 1181 2680 prima
1235 2603 1391 2661 sunt
1450 2599 1696 2663 adscita
1750 2602 2010 2679 natura,
2073 2595 2213 2660 dili-

183 2706 422 2769 gamus
431 2733 450 2768 ‚
503 2686 675 2769 quod
729 2687 831 2751 est
882 2707 1100 2769 nemo,
1161 2686 1344 2769 quin,
1410 2708 1555 2750 cum
1619 2685 1936 2749 utrumvis
2000 2684 2214 2766 liceat,

183 2777 387 2857 aptas
432 2773 620 2849 malit
674 2776 742 2837 et
794 2774 1084 2857 integras
1141 2774 1353 2838 omnis
1412 2774 1619 2857 partis
1668 2773 1955 2857 corporis
2002 2793 2215 2856 quam,

95 2888 154 2927 30
185 2861 424 2926 eodem
467 2882 616 2945 usu,
677 2861 1055 2926 imminutas
1112 2866 1225 2925 aut
1280 2861 1570 2926 detortas
1625 2860 1883 2925 habere.
1971 2858 2216 2925 Rerum

186 2953 415 3014 autem
469 2949 899 3034 cognitioneS,
952 2971 1112 3034 quas
1167 2950 1271 3013 vel
1327 2950 2051 3033 comprehensiones
2111 2949 2216 3012 vel

182 3038 738 3121 perceptiones
783 3037 912 3120 vel,
967 3038 1026 3101 si
1078 3036 1239 3101 haec
1284 3038 1485 3101 verba
1530 3041 1644 3102 aut
1689 3038 1903 3101 minus
1962 3037 2218 3120 placent

184 3129 312 3189 aut
357 3126 567 3189 minus
613 3125 1110 3209 intelleguntur,
1153 3121 1555 3207 καταλήψεις
1596 3125 1998 3209 appellemus
2044 3124 2216 3205 licet,

186 3236 304 3277 eas
360 3213 560 3294 igitur
613 3213 788 3297 ipsas
843 3217 1110 3296 propter
1169 3234 1237 3277 se
1293 3213 1739 3277 adsciscendas
1803 3213 2217 3292 arbitramur,

96 3328 154 3370 35
184 3300 368 3387 quod
430 3300 717 3366 habeant
780 3300 1080 3384 quiddam
1144 3301 1214 3364 in
1277 3322 1347 3364 se
1421 3302 1605 3385 quasi
1677 3300 2078 3383 complexum
2149 3302 2216 3361 et

182 3389 533 3455 continens
601 3390 960 3454 veritatem.
1064 3386 1140 3452 Id
1205 3392 1423 3453 autem
1493 3390 1565 3452 in
1634 3389 1855 3471 parvis
1923 3384 2217 3467 intellegi

180 3481 442 3564 potest,
495 3497 655 3561 quos
709 3476 1019 3542 delectari
1061 3476 1421 3555 videamus,
1475 3477 1733 3541 etiamsi
1779 3494 2001 3538 corum
2048 3470 2217 3534 nihil

296 3598 414 3641 010.
439 3598 519 3642 Π.
549 3601 587 3640 1.
1720 3581 1786 3631 12
