2609 3884
405 159 538 223 284
796 158 1393 216 TUSCULANARUM
1428 159 2035 217 DISPUTATIONUM

409 323 646 407 dicam,
681 322 950 387 miseros
989 342 1158 407 esse,
1197 322 1309 386 sed
1345 324 1601 386 tantum
1637 322 1927 407 miserOS,
1966 322 2049 398 ob
2084 321 2155 386 id
2188 321 2456 406 ipsum,

406 412 558 496 quia
600 433 734 477 non
789 411 934 475 sint.

537 505 629 565 Μ.
672 497 739 565 N
741 521 824 564 on
870 498 1031 563 dicis
1075 497 1302 583 igitur:
1378 496 1613 562 ‘Miser
1657 501 1758 562 est
1809 496 1897 562 M.
1943 495 2279 582 Crassus',
2333 498 2457 562 sed
2576 475 2578 512 ÷

403 590 687 652 tantum:
738 585 969 651 ‘Miser
1014 585 1101 650 M.
1147 583 1486 652 Crassus'?
2577 581 2578 588 ,

535 676 619 740 A.
671 673 775 739 Ita
819 675 1032 758 plane.
2482 699 2507 740 5

301 774 367 824 14
535 769 626 828 M.
674 761 872 838 Quasi
914 784 1047 829 non
1079 783 1342 828 necesse
1382 762 1494 842 sit,
1541 761 1845 846 quicquid
1879 761 2008 828 isto
2044 762 2241 828 modo
2286 784 2455 846 pro·
2577 803 2578 850 1

401 851 690 934 nunties,
735 847 805 914 id
851 853 965 917 aut
1009 871 1148 915 esse
1194 853 1313 916 aut
1344 871 1479 916 non
1522 851 1689 915 esse!
1788 849 1895 914 An
1937 853 2011 914 tu
2068 850 2453 915 dialecticis
2577 873 2578 930 3

210 945 298 1020 (1
401 960 483 1003 ne
535 938 829 1003 imbutus
885 938 1141 1023 quidem
1196 936 1309 1004 es?
1406 937 1487 1003 In
1539 937 1769 1021 primis
1824 938 1994 1003 enim
2046 937 2173 1003 hoc
2226 938 2455 1002 tradi-

299 1019 330 1079 Ν
401 1029 532 1091 tur:
580 1047 769 1091 omne
804 1026 1296 1109 pronuntiatum
1344 1025 1467 1112 (sic
1513 1027 1686 1090 enim
1730 1025 1894 1090 mihi
1940 1026 2012 1090 in
2054 1027 2453 1109 praesentia

403 1113 684 1178 occurrit
724 1117 802 1178 ut
846 1114 1240 1198 appellarem
1286 1107 1567 1198 ἆξίωμα;
1616 1116 1764 1178 utar
1808 1117 1962 1197 post
2004 1114 2163 1192 alio,
2226 1115 2293 1179 si
2344 1114 2449 1178 in·
2480 1139 2525 1178 ιο

402 1222 637 1266 venero
693 1198 952 1288 melius)
1013 1237 1090 1248 -—
1149 1202 1216 1267 id
1281 1222 1436 1287 ergo
1503 1206 1605 1267 est
1665 1201 2187 1286 pronuntiatum,
2254 1202 2447 1287 quod

404 1292 505 1354 est
547 1310 770 1354 verum
816 1293 931 1354 aut
973 1289 1229 1354 falsum.
1330 1289 1492 1356 Cum
1551 1289 1754 1374 igitur
1798 1289 1987 1356 dicis:
2050 1287 2289 1355 Miser
2350 1290 2448 1355 M.

404 1375 738 1462 Crassus’,
783 1380 899 1443 aut
932 1378 1057 1444 hoc
1094 1378 1282 1443 dicis:
1329 1377 1555 1443 ‘Miser
1592 1379 1694 1443 est
1730 1375 2054 1462 Crassus’‚
2098 1381 2174 1442 ut
2210 1379 2447 1463 possit

401 1465 692 1551 iudicari,
726 1488 950 1532 verum
984 1466 1052 1531 id
1087 1465 1405 1532 falsumne
1443 1467 1548 1551 sit,
1586 1469 1700 1532 aut
1734 1466 1899 1530 nihil
1936 1465 2098 1531 dicis
2136 1467 2444 1532 omnino.

532 1555 615 1620 A.
668 1552 840 1640 Age,
884 1554 1018 1619 iam
1065 1555 1344 1620 concedo
1388 1576 1521 1619 non
1564 1573 1706 1619 esse
1752 1555 2051 1639 miseroS,
2096 1555 2208 1638 qui
2252 1577 2515 1620 mor-15

400 1642 498 1706 tui
553 1643 713 1727 sint,
768 1642 1072 1727 quoniam
1129 1643 1488 1726 extorsisti,
1542 1645 1618 1706 ut
1670 1642 1939 1726 faterer,
2000 1642 2112 1726 qui
2155 1644 2437 1708 omnino

399 1752 532 1796 non
579 1734 822 1813 essent,
867 1752 978 1796 eos
1011 1752 1094 1795 ne
1130 1731 1401 1796 miseros
1439 1729 1695 1815 quidem
1730 1751 1870 1796 esse
1912 1751 2125 1815 posse.
2205 1728 2435 1806 Quid?

403 1819 512 1902 qui
545 1819 840 1904 vivimus,
881 1841 1023 1884 cum
1061 1818 1464 1884 moriendum
1503 1818 1609 1904 sit,
1642 1839 1855 1883 nonne
1891 1818 2113 1884 miseri
2150 1819 2431 1884 sumus?

403 1903 580 1980 Quae
636 1907 811 1970 enim
863 1909 1082 1990 potest
1133 1906 1203 1971 in
1256 1907 1397 1972 vita
1450 1929 1591 1972 esse
1637 1906 2001 1972 iucunditas
2012 1956 2031 1990 ,
2090 1929 2236 1972 cum
2283 1907 2431 1972 dies

403 1997 470 2058 et
503 1996 724 2058 noctes
754 1994 1173 2078 cogitandum
1206 1995 1295 2060 sit
1329 1995 1461 2058 iam
1496 1995 1755 2078 iamque
1794 2016 1934 2059 esse
1970 1995 2428 2061 moriendum}>
2457 2019 2507 2059 20

299 2050 364 2176 185
533 2086 624 2145 M.
668 2079 921 2165 Ecquid
976 2101 1131 2166 ergo
1185 2082 1537 2167 intellegis,
1593 2086 1907 2168 quantum
1962 2083 2123 2148 mali
2179 2083 2258 2148 de
2304 2083 2429 2149 hu-

401 2189 596 2232 mana
641 2169 1010 2234 condicione
1056 2169 1095 2232 d
1141 2170 1155 2183 ⁶
1271 2169 1406 2234 ris?
1431 2207 1483 2241 n.

532 2256 617 2321 A.
675 2254 970 2331 Quonam
1014 2191 1253 2323 modo}OE
1512 2255 1525 2276 ²

531 2350 625 2409 M.
671 2341 861 2429 Quia,
920 2344 978 2409 si
1036 2345 1203 2411 mori
1261 2345 1459 2411 etiam
1516 2347 1791 2413 mortuis
1860 2347 2169 2411 miserum
2228 2351 2425 2432 esset,

398 2432 723 2497 infinitum
769 2432 1090 2516 quoddam
1135 2437 1203 2499 et
1245 2435 1710 2518 sempiternum
1747 2435 1989 2501 malum
2031 2434 2424 2501 haberemus
2452 2458 2501 2499 25

399 2521 469 2586 in
512 2521 676 2608 vita3
721 2542 892 2587 nunc
935 2521 1122 2588 video
1170 2523 1441 2607 calcem,
1496 2519 1579 2588 ad
1622 2544 1817 2608 quam
1864 2544 2011 2588 cum
2067 2523 2155 2588 sit
2199 2523 2421 2589 decur-

401 2632 570 2694 sum,
615 2609 780 2674 nihil
826 2610 914 2676 sit
956 2613 1290 2694 praeterea
1336 2611 1897 2677 extimescendum.
1971 2608 2099 2676 Sed
2143 2612 2217 2676 tu
2255 2611 2421 2676 mihi

398 2698 634 2762 videris
679 2698 1085 2802 Epicharmi,
1131 2700 1304 2765 acuti
1339 2721 1458 2765 nec
1492 2699 1725 2765 insulsi
1759 2698 2045 2764 hominis
2086 2702 2161 2764 ut
2198 2697 2423 2779 Siculi,

399 2786 788 2850 sententiam
834 2788 1033 2871 sequi.

527 2873 609 2937 A.
667 2873 920 2949 Quam?
964 2897 1098 2940 non
1145 2877 1316 2942 enim
1360 2875 1531 2942 novi.
2442 2901 2493 2941 ao

527 2965 619 3024 M.
664 2959 913 3045 Dicam,
949 2963 1004 3027 si
1040 2966 1290 3046 potero,
1326 2962 1576 3028 Latine.
1648 2961 1785 3028 Scis
1825 2963 1997 3027 enim
2033 2985 2139 3028 me
2175 2962 2419 3028 Graece

393 3047 505 3198 &q
463 3047 574 3131 qui
635 3048 742 3198 inL
762 3046 998 3202 Izatino
1065 3071 1358 3116 sermone
1420 3073 1556 3118 non
1616 3051 1763 3135 plus
1830 3051 2039 3117 solere
2096 3072 2293 3135 quam
2348 3051 2419 3116 ιιι

455 3155 643 3199 raeco
747 3156 784 3198 a
815 3157 920 3200 me

526 3222 610 3288 A.
673 3221 765 3287 Et
818 3227 991 3289 recte
1045 3225 1321 3310 quidem.
1412 3225 1538 3292 Sed
1593 3248 1755 3312 quae
1813 3226 2075 3292 tandem
2122 3230 2223 3292 est
2264 3225 2419 3310 Epi-

396 3309 643 3375 charmi
687 3311 815 3374 ista
861 3313 1225 3378 sententia?
2441 3338 2491 3381 ³5
2576 3361 2578 3372 ι

526 3403 616 3467 Μ.
661 3397 926 3463 Emori
969 3400 1178 3479 nolo,
1225 3401 1354 3466 sed
1403 3422 1515 3466 me
1561 3422 1727 3468 esse
1765 3403 2146 3467 mortuum
2182 3401 2417 3467 nihili

1894 3490 2239 3556 aestimo.
2530 3510 2553 3556 ι
