2609 3884
609 126 742 182 LIB.
781 127 850 184 Π.
907 126 1060 181 CAP.
1099 133 1343 182 31—33.
1383 132 1413 192 ἕ
1454 133 1764 183 102-107,
2074 128 2201 192 163

179 286 464 351 iucunda
505 286 816 351 memoria
859 289 960 351 est
1001 288 1498 370 praeteritorum
1536 288 1901 353 malorum?
1946 292 2021 353 ut
2055 311 2201 372 pro-

179 374 408 438 verbia
461 396 596 439 non
646 374 828 439 nulla
881 374 1131 439 veriora
1183 374 1318 439 sint
1372 398 1565 459 quam
1620 380 1835 441 ve‘stra
1879 377 2199 462 dogmata.

177 460 397 546 Vulgo
447 462 618 526 enim
676 462 936 526 dicitur:
998 460 1290 527 ‘Iucundi
1336 463 1466 527 acti
1511 463 1769 528 labores
1782 464 1821 548 ⁹,
1867 486 1985 529 nee
2029 466 2200 529 male

177 547 524 633 Euripides
599 546 1030 635 (concludam,
1103 549 1159 613 si
1222 553 1476 634 potero,
1548 550 1809 637 Latine3
1884 550 2200 618 Graecum

131 660 156 699 5
183 637 349 701 enim
395 637 570 701 hune
614 658 869 701 versum
912 636 1124 702 nostis
1170 636 1451 723 omnes):

267 758 542 825 Suavis
585 760 938 824 laborum
983 764 1102 824 est
1157 760 1761 844 praeteritorum
1815 762 2199 828 memoria.

183 898 303 964 Sed
358 900 444 964 ad
495 901 668 965 bona
720 900 1073 983 praeterita
1123 899 1478 965 redeamus,
1580 900 1756 975 Quae
1812 901 1870 966 si
1918 923 1957 965 a
2012 901 2197 967 vobis

181 988 342 1052 talia
396 988 788 1072 dicerentur,
842 987 1139 1071 qualibus
1196 984 1265 1052 O.
1320 986 1567 1052 Marius
1622 988 1721 1053 uti
1778 991 2062 1072 poterat,
2128 992 2201 1052 ut

182 1075 504 1160 expulsus,
541 1096 753 1160 egene,
787 1074 859 1139 in
893 1075 1130 1158 palude
1167 1076 1513 1158 demersus,
1548 1080 1963 1159 tropaeorum
1989 1096 2197 1150 reeor-

115 1188 160 1229 10
183 1162 440 1228 datione
483 1164 732 1227 levaret
776 1162 1064 1227 dolorem
1111 1185 1328 1246 suum,
1373 1163 1663 1228 audirem
1700 1168 1767 1228 et
1810 1164 2006 1248 plane
2049 1186 2195 1247 pro-

183 1252 418 1315 barem.
507 1250 573 1316 N
574 1271 645 1315 eo
689 1250 859 1314 enim
905 1250 1157 1315 absolvi
1205 1251 1402 1315 -beata
1446 1251 1583 1315 vita
1629 1251 1941 1334 sapientis
1986 1273 2197 1335 neque

185 1339 260 1402 ad
303 1338 549 1403 exitum
592 1337 856 1422 perduoi
899 1338 1165 1422 poterit,
1211 1338 1268 1411 si
1312 1338 1525 1421 prima
1570 1360 1855 1423 quaeque
1900 1339 2064 1403 bene
2113 1339 2195 1403 ab

186 1446 256 1489 eo
318 1426 616 1491 consulta
679 1428 872 1509 atque
933 1424 1106 1489 faeta
1167 1425 1373 1509 ipsius
1440 1426 1761 1491 oblivione
1827 1427 2197 1491 obruentur.

186 1510 304 1577 Sed
355 1514 544 1579 vobis
590 1514 995 1597 voluptatum
1049 1517 1501 1596 perceptarum
1545 1514 1901 1579 recordatio
1948 1512 2153 1577 vitam
2199 1526 2301 1575 106

122 1622 166 1662 15
189 1601 442 1665 beatam
486 1600 674 1683 facit,
729 1603 796 1665 et
842 1600 1102 1685 quidem
1149 1622 1416 1683 corpore
1459 1604 1927 1684 perceptarum.
2026 1599 2198 1665 Nam

189 1688 240 1752 si
282 1710 444 1772 quae
483 1692 636 1754 sunt
671 1688 862 1771 aliae,
905 1688 1146 1752 falsum
1191 1692 1292 1753 est
1344 1688 1551 1753 omnis
1590 1688 1790 1752 animi
1827 1689 2196 1771 voluptates

191 1796 321 1840 esse
375 1798 410 1840 e
468 1776 754 1860 corporis
811 1776 1137 1840 societate.
1246 1772 1554 1859 Corporis
1620 1779 1835 1840 autem
1894 1775 2194 1858 voluptas

191 1864 244 1926 si
279 1864 476 1929 etiam
513 1863 865 1947 praeterita
901 1864 1201 1946 delectat,
1243 1884 1377 1928 non
1410 1862 1746 1948 intellego,
1793 1885 1905 1928 our
1945 1862 2195 1927 Aristo-

189 1952 342 2017 teles
397 1950 851 2035 Sardanapalli
904 1951 1304 2035 epigramma
1356 1954 1693 2034 tantopere
1750 1950 2061 2034 derideat,
2126 1951 2196 2015 in

126 2060 171 2100 20
194 2060 308 2121 quo
370 2040 486 2105 ille
549 2061 662 2104 rex
725 2036 950 2122 Syriae
1020 2039 1336 2122 glorietur
1392 2038 1597 2103 omnis
1653 2060 1721 2103 se
1778 2060 1993 2103 secum
2053 2038 2197 2102 libi-

195 2126 401 2191 dinum
463 2128 832 2210 voluptates
898 2125 1260 2190 abstulisse.
1371 2124 1554 2201 Quod
1617 2127 1787 2191 enim
1856 2147 1940 2189 ne
2009 2124 2195 2190 vivus

196 2215 467 2298 quidem,
529 2214 770 2297 inquit,
834 2213 1074 2277 diutius
1131 2212 1368 2277 sentire
1436 2216 1723 2297 poterat,
1786 2235 1980 2296 quam
2045 2214 2194 2277 dum

193 2301 540 2385 fruebatur,
604 2322 730 2385 quo
794 2300 986 2365 modo
1049 2300 1116 2364 id
1177 2300 1395 2383 potuit
1457 2304 1710 2365 mortuo
1776 2299 2195 2383 permanere?

195 2385 356 2453 Fluit
431 2389 636 2473 igitur
713 2390 1013 2471 voluptas
1097 2388 1383 2471 corporis
1474 2392 1539 2452 et
1617 2388 1831 2471 prima
1909 2408 2197 2471 quaeque

131 2494 174 2535 25
199 2476 402 2541 avolat
465 2476 846 2560 saepiusque
898 2475 1206 2559 relinquit
1258 2496 1520 2539 causam
1573 2474 1946 2559 paenitendi
2003 2496 2197 2557 quam

197 2564 576 2630 recordandi,
663 2562 889 2647 Itaque
934 2563 1189 2627 beatior
1232 2562 1583 2627 Africanus
1628 2584 1775 2627 cum
1823 2562 2037 2644 patria
2079 2561 2195 2625 illo

197 2651 374 2716 modo
416 2653 717 2735 loquens:

316 2772 624 2856 Desine,
667 2772 931 2855 Roma,
973 2776 1151 2838 tuos
1194 2772 1554 2838 hostes..
1586 2824 1599 2837 .
1628 2822 1641 2835 .
1670 2792 1729 2837 .;

199 2910 552 2997 reliquaque
596 2912 957 2996 praeclare:

137 3050 182 3089 30
249 3030 426 3098 Nam
467 3034 617 3099 tibi
661 3034 1176 3099 moenimenta
1213 3034 1359 3098 mei
1410 3055 1773 3118 peperere
1818 3034 2145 3100 labores.

205 3166 542 3239 Laboribus
578 3174 684 3239 hio
719 3172 1086 3257 praeteritis
1123 3173 1380 3258 gaudet,
1414 3176 1487 3237 tu
1520 3174 1705 3238 iubes
1733 3174 2197 3257 voluptatibuS,

205 3260 264 3320 et
293 3259 394 3325 hie
431 3284 498 3327 se
537 3262 618 3325 ad
655 3282 732 3325 ea
765 3264 1050 3344 revocat,
1097 3282 1131 3324 e
1177 3260 1408 3345 quibus
1444 3260 1611 3325 nihil
1651 3283 1959 3346 umquam
1995 3263 2199 3325 rettu-

206 3342 339 3410 lerit
380 3349 458 3413 ad
503 3370 762 3433 corpus,
807 3352 878 3413 tu
922 3352 1100 3413 totus
1145 3348 1370 3413 haeres
1418 3348 1489 3412 in
1534 3369 1815 3431 corpore,

322 3432 482 3501 Illud
507 3441 727 3501 autem
753 3436 966 3521 ipsum
994 3435 1104 3520 qui
1134 3436 1408 3500 obtineri
1441 3439 1675 3519 potest,
1711 3435 1880 3519 quod
1918 3434 2151 3516 dicitis,
2200 3412 2301 3535 1253

1770 3536 1876 3589 11*
