2609 3884
615 192 751 250 LIB.
789 194 882 249 111.
939 194 1093 249 eAP.
1131 200 1225 264 27,
1264 200 1350 251 28.
1407 200 1437 261 ς
1476 200 1720 253 65—70.
2052 197 2182 263 383

161 358 406 443 suscipi
454 356 924 442 aegritudinem
961 355 1393 421 confitendum
1440 359 1559 423 est.
1631 356 1830 442 quue
1864 358 2184 425 indicatur
2220 382 2285 433 6⁷

163 469 384 549 eorum
438 445 783 529 patientia,
811 444 974 546 ‘qui‘
1000 444 1400 547 cumunulta
1444 445 1819 547 sint-saepe
1876 449 2184 548 perpessi,

162 531 2184 707 {32}ssssss{3355232¹¹¹3313¹1‡32205333Qfflfflftsszffissffi<1232

108 772 134 812 ⁵
253 743 331 811 Si
379 741 568 809 mihi
607 764 807 809 nunc
851 742 1115 808 tristis
1161 740 1487 827 primum
1533 743 1950 809 inluxisset
1996 744 2183 830 dies,

250 832 406 899 Nec
450 836 609 898 tam
656 833 1116 897 aerumnoso
1162 829 1740 915 navigavissem
1788 833 1982 917 sa10,

250 920 483 985 Esset
527 918 840 985 dolendi
885 922 1142 1003 caiisa,
1191 922 1274 983 ut
1318 918 1607 984 iniecto
1655 919 1901 985 eculei

249 1008 496 1074 Fren6
543 1010 859 1092 repente
904 1007 1122 1072 tactu
1168 1006 1672 1091 exagitantur
1720 1028 1943 1093 novo3

252 1093 399 1161 Sed
444 1096 598 1160 iam
645 1095 1013 1161 subactus
1061 1092 1401 1159 miseriis
1448 1094 1829 1180 obtorpui.

80 1265 134 1307 10
160 1235 562 1321 Defetigatio
608 1236 810 1319 igitur
853 1234 1260 1301 miseriarum
1308 1234 1745 1321 aegritudines
1790 1256 1936 1303 cum
1987 1235 2186 1304 faciat

109 1336 120 1347 ⁶
161 1323 468 1406 leniores,
516 1323 810 1408 intellegi
854 1344 1117 1389 necesse
1163 1326 1264 1388 est
1306 1344 1440 1389 non
1483 1345 1621 1388 rem
1663 1324 1874 1408 ipsam
1921 1346 2184 1391 causam

163 1416 359 1496 atque
422 1411 673 1477 fontem
736 1431 876 1477 esse
930 1411 1256 1477 maeroris.
1348 1410 1730 1496 Philosophi
1784 1414 2020 1477 summi
2074 1434 2180 1478 ne·
2219 1432 2288 1485 68

163 1499 441 1586 quedum
486 1501 709 1565 tamen
744 1498 1133 1583 sapientiam
1171 1499 1504 1564 consecuti
1538 1520 1750 1565 nonne
1793 1500 2184 1585 intellegunt

160 1589 232 1652 in
267 1608 519 1654 summo
558 1608 626 1653 se
663 1587 833 1653 malo
872 1586 1056 1652 esse?
1128 1584 1294 1652 Sunt
1329 1587 1501 1652 enim
1536 1587 1945 1672 insipientes,
1978 1609 2185 1673 neque

81 1703 133 1746 15
162 1675 542 1760 insipientia
611 1675 818 1741 ullum
885 1675 1096 1740 maius
1167 1676 1415 1741 malum
1488 1679 1614 1759 est3
1684 1696 1892 1760 neque
1963 1678 2184 1741 tamen

158 1765 404 1850 lugent.
497 1763 666 1841 Quid
729 1763 868 1830 ita?
960 1762 1125 1840 Quia
1187 1762 1337 1829 huic
1391 1763 1610 1848 generi
1669 1764 1987 1828 malorum
2050 1784 2184 1829 non

162 1852 515 1938 adfingitur
568 1852 687 1916 illa
741 1851 988 1936 opini0,
1040 1854 1287 1917 rectum
1342 1871 1484 1917 esse
1538 1854 1606 1916 et
1658 1872 1931 1935 aequum
1990 1855 2057 1916 et
2102 1851 2184 1917 ad

161 1939 450 2005 officium
504 1940 826 2024 pertinere
875 1960 1065 2025 aegre
1109 1939 1304 2023 ferre,
1361 1938 1533 2022 quod
1592 1940 1853 2023 sapiens
1896 1959 2030 2005 non
2074 1940 2184 2019 sis,

163 2028 337 2113 quod
381 2028 551 2092 idem
599 2027 985 2112 adfingimus
1029 2028 1182 2093 huic
1219 2025 1640 2113 aegritudini,
1685 2026 1755 2091 in
1799 2048 1928 2111 qua
1969 2026 2183 2091 luctus

80 2142 137 2183 80
164 2116 365 2198 inest,
410 2135 573 2199 quae
620 2116 908 2181 omnium
953 2137 1258 2181 maxuma
1316 2116 1433 2180 est.
1523 2112 1751 2200 Itaque
1795 2113 2183 2181 Aristoteles
2222 2134 2289 2185 69

163 2204 413 2268 veteres
448 2202 874 2288 philosophos
917 2224 1249 2288 accusans,
1294 2202 1407 2287 qui
1452 2202 1998 2268 existimavissent
2040 2202 2185 2288 phi-

161 2288 533 2374 losophiam
588 2290 721 2356 suis
776 2290 1052 2376 ingeniis
1106 2313 1248 2357 esse
1303 2290 1679 2376 perfectam,
1744 2291 1837 2355 ait
1900 2312 2010 2356 eos
2073 2295 2187 2356 aut

165 2378 590 2444 stultissimos
646 2381 759 2444 aut
813 2378 1322 2463 gloriosissimos
1376 2378 1603 2463 fuisse3
1660 2378 1773 2445 sed
1826 2399 1894 2443 se
1951 2378 2186 2461 videre,

165 2466 339 2552 quod
392 2466 618 2551 paucis
666 2466 851 2531 annis
906 2487 1145 2552 magna
1189 2467 1470 2533 accessio
1526 2466 1703 2532 facta
1748 2467 1948 2551 esset,
2003 2466 2187 2531 brevi

80 2581 136 2624 25
165 2558 457 2638 tempore
509 2552 994 2639 philosophiam
1044 2554 1236 2641 plane
1292 2554 1662 2619 absolutam
1725 2552 1881 2619 fore.
1982 2552 2187 2618 Theo-

162 2642 468 2728 phrastus
533 2645 752 2708 autem
814 2642 1097 2707 moriens
1162 2663 1497 2709 accusasse
1566 2644 1871 2706 naturam
1936 2640 2187 2723 dicitur,

165 2731 338 2815 quod
393 2730 599 2796 cervis
656 2734 723 2795 et
777 2730 1140 2796 cornicibus
1195 2730 1398 2797 vitam
1456 2728 1855 2813 diuturnam,
1914 2750 2187 2815 quorum

163 2818 231 2883 id
274 2818 458 2884 nihil.
488 2818 854 2903 interesset,
899 2818 1300 2902 hominibus,
1347 2839 1621 2903 quorum
1667 2817 1945 2883 maxime
1988 2817 2187 2883 inter-

165 2906 422 2991 fuisset,
466 2909 604 2973 tam
641 2906 938 2993 exiguam
976 2907 1180 2972 vitam
1226 2907 1537 2990 dedisset3
1583 2926 1857 2991 quorum
1902 2905 1961 2970 si
2006 2908 2188 2971 aetas

81 3022 137 3064 ³0
165 2994 488 3079 potuisset
531 3016 672 3061 esse
719 2994 1161 3081 longinquior,
1205 2995 1498 3060 futurum
1540 2992 1743 3060 fuisse
1778 2995 1854 3058 ut
1890 2994 2187 3059 omnibus

164 3082 468 3167 perfectis
517 3083 764 3149 artibus
812 3083 988 3150 omni
1025 3083 1321 3149 doctrina
1363 3081 1701 3147 hominum
1739 3079 1877 3146 vita
1914 3081 2191 3146 erudire·

164 3173 288 3237 tur.
381 3170 784 3248 Querebatur
836 3171 858 3237 i
912 3172 1038 3236 'tur
1083 3192 1152 3237 se
1204 3172 1374 3251 tum,
1430 3190 1577 3235 cum
1629 3169 1750 3233 illa
1794 3168 2007 3234 videre
2054 3190 2191 3234 coe-

163 3258 398 3343 pisset,
453 3259 762 3344 extingui.
849 3192 1062 3334 ghid‘?
1119 3279 1198 3323 ex
1243 3257 1475 3324 ceteris
1520 3256 1930 3342 philosophis
1974 3276 2190 3321 nonne

166 3350 471 3431 optumus
526 3350 593 3411 et
645 3345 1088 3431 gravissumus
1146 3346 1416 3431 quisque
1463 3344 1813 3411 confitetur
1865 3343 2075 3408 multa
2122 3364 2193 3408 se

83 3460 137 3505 85
164 3435 487 3519 ignorare,
516 3437 582 3500 et
607 3434 815 3501 multa
844 3434 971 3499 sibi
1001 3434 1199 3499 etiam
1227 3439 1423 3519 atque
1448 3434 1645 3498 etiam
1674 3452 1814 3497 esse
1841 3428 2190 3496 discenda?

161 3544 370 3608 neque
421 3524 667 3606 tamen,
713 3542 858 3588 cum
897 3542 966 3593 se
1010 3521 1079 3587 in
1115 3522 1329 3587 media
1376 3520 1682 3605 stultitia,
1728 3540 1856 3603 qua
1888 3518 2055 3582 nihil
2093 3520 2193 3581 est
2230 3536 2296 3587 ⁷0
