2609 3884
277 349 354 399 30

279 2767 370 2892 ἐξ

389 175 518 240 368
781 174 1379 230 TUSCULANARUM
1413 173 2025 229 DISPUTA'I'IONUM·

392 337 578 414 Quod
631 340 846 402 autem
892 336 1177 401 Theseus
1225 357 1265 400 a
1320 335 1511 401 docto
1557 357 1627 400 se
1672 335 1927 400 audisse
1973 335 2158 419 dicit,
2212 335 2280 399 id
2334 334 2414 400 de

391 447 459 490 se
530 425 671 508 ipso
743 424 1027 508 loquitur
1095 423 1458 507 Euripides,
1573 421 1815 488 Fuerat
1896 424 2068 488 enim
2151 422 2414 488 auditor

388 511 842 597 Anaxagorae,
888 533 1077 596 quem
1121 511 1340 576 ferunt
1381 511 1683 576 nuntiata
1722 514 1931 576 morte
1977 511 2099 575 filii
2143 511 2413 574 dixisse:

391 599 774 666 ‘Sciebam
819 621 935 664 me
982 599 1341 685 genuisse
1386 597 1832 663 mortalem?
1915 597 2093 674 Quae
2131 620 2262 663 vox
2307 598 2413 662 de-

389 689 597 753 clarat
647 688 731 751 iis
778 709 916 752 esse
968 687 1130 751 haec
1176 687 1436 769 acerba,
1495 687 1723 769 quibus
1769 708 1905 752 non
1947 685 2191 750 fuerint
2237 686 2413 770 cogi-
2440 712 2467 752 ⁵

388 779 547 841 tata.
617 775 796 860 Ergo
840 775 907 839 id
953 775 1209 859 quidem
1246 795 1381 838 non
1422 774 1715 857 dubium,
1760 773 1917 858 quin
1955 773 2203 857 omnia,
2249 794 2415 856 quae

390 865 563 928 mala
605 866 938 947 putentur,
984 863 1115 926 sint
1156 862 1487 945 inprovisa
1524 862 1843 946 graviora.
1914 860 2146 945 Itaque
2190 883 2413 945 quam-

390 974 585 1036 quam
619 972 752 1015 non
795 950 958 1014 haec
990 971 1121 1015 una
1156 970 1259 1013 res
1297 949 1500 1014 efficit
1534 950 1883 1013 maximam
1920 949 2414 1033 aegritudinem,

389 1042 634 1122 tamen,
704 1038 1010 1121 quoniam
1074 1037 1350 1101 multum
1422 1040 1641 1120 potest
1712 1037 1997 1119 provisio
2070 1036 2277 1101 animi
2349 1040 2420 1101 et

388 1125 806 1277 praepargtio
825 1212 839 1225 .
889 1125 1011 1276 adh
1049 1124 1507 1276 minuendupirt
1546 1125 1863 1276 &lorffi’
1932 1125 2078 1226 ‘sint
2158 1146 2418 1276 serflper
2444 1150 2489 1188 ιο

392 1235 611 1278 omma
712 1234 912 1278 om1m
1013 1233 1249 1278 umana
1301 1235 1407 1277 me
1452 1234 1475 1275 1
1508 1235 1546 1276 a
1616 1263 1631 1276 .
1879 1234 2189 1276 mmu‘um
2302 1233 2417 1278 aec

390 1304 494 1365 est
553 1300 670 1365 illa
725 1303 1064 1384 praestans
1130 1302 1196 1364 et
1257 1299 1477 1364 divina
1541 1299 1885 1384 sapientia,
1948 1302 2015 1363 et
2070 1303 2417 1384 perceptas

389 1389 649 1473 penitus
715 1391 781 1452 et
841 1390 1272 1472 pertractatas
1336 1410 1439 1452 res
1512 1387 1830 1453 humanas
1901 1387 2175 1472 habere,
2248 1388 2417 1453 nihil

390 1476 719 1559 admirari,
782 1497 927 1540 cum
992 1475 1321 1554 acciderit,
1382 1474 1575 1561 nihil,
1638 1479 1787 1540 ante
1848 1497 2043 1560 quam
2108 1477 2419 1560 evenerit,

388 1585 524 1630 non
569 1563 822 1630 evenire
867 1585 1060 1647 posse
1107 1563 1427 1628 arbitrari.
2441 1586 2488 1627 ιε

480 1686 716 1763 Quam
762 1688 855 1752 ob
899 1707 1054 1751 rem
1101 1686 1375 1770 omnis,
1430 1707 1591 1750 cum
1642 1686 2017 1751 secundae
2060 1706 2185 1750 res
2233 1689 2420 1751 sunt

1277 1775 1646 1858 maxume,
1691 1777 1849 1838 tum
1892 1775 2237 1838 maxume

476 1861 850 1927 Meditari
887 1883 1136 1926 secum
1173 1863 1511 1946 op6rtet,
1556 1883 1700 1946 quo
1737 1864 1964 1946 pacto
2012 1862 2417 1927 adversam

1474 1951 1909 2014 aerumnam
1953 1949 2234 2015 ferant.

476 2035 804 2120 Pericla,
841 2035 1112 2100 damna
1142 2037 1466 2122 peregre
1502 2037 1809 2102 rediens
1837 2038 2133 2120 semper
2158 2058 2419 2102 secum

1931 2125 2238 2210 cogitet

476 2209 633 2274 Aut
700 2208 829 2273 fssi
897 2214 1296 2295 peccatum
1363 2216 1495 2276 aut
1555 2213 1822 2278 uxoris
1890 2214 2214 2277 mortem
2280 2218 2421 2279 aut

1596 2301 1936 2365 morbum
1981 2299 2233 2385 filiae,

479 2383 1126 2466 Communiaesse
1161 2384 1374 2472 haec,
1410 2388 1501 2452 ne
1535 2389 1714 2472 quid
1749 2388 2020 2453 horum
2055 2409 2421 2471 umquam
2445 2415 2492 2454 ιο

1282 2475 1589 2541 accidat
1633 2477 1882 2541 animo
1927 2497 2233 2559 novum3

479 2559 856 2646 Quicquid
899 2565 1212 2647 praeter
1257 2584 1466 2647 spem
1514 2564 1844 2649 eveniat,
1903 2584 2117 2628 omne
2161 2563 2241 2628 id
2285 2564 2418 2630 ‹16-

1342 2653 1616 2734 putare
1662 2673 1829 2716 esse
1872 2649 1956 2715 1'11
2000 2652 2232 2716 lucro,

519 2789 698 2874 Ergo
752 2789 878 2856 hoc
931 2790 1268 2858 Terentius
1326 2812 1366 2855 a
1422 2791 1841 2874 philosophia
1886 2794 2218 2874 sumptum
2265 2814 2414 2858 cum

389 2879 523 2940 tam
590 2878 921 2942 commode
985 2879 1244 2963 dixerit,
1306 2899 1455 2956 nos,
1527 2899 1562 2943 e
1634 2900 1904 2963 quorum
1976 2879 2268 2945 fontibus
2344 2881 2417 2945 id

387 2961 693 3027 haustum
757 2968 884 3048 ent,
946 2985 1078 3031 non
1143 2969 1208 3030 et
1278 2965 1561 3031 dicemus
1631 2965 1757 3031 hoc
1826 2967 2059 3031 melius
2132 2970 2199 3032 et
2262 2989 2415 3033 con-

389 3050 667 3115 stantius
713 3051 1102 3116 sentiemus?
1196 3052 1321 3118 Hic
1368 3057 1468 3118 est
1514 3053 1686 3118 enim
1730 3053 1843 3118 ille
1889 3055 2103 3119 voltus
2151 3076 2415 3140 semper
2440 3080 2489 3120 25

388 3136 578 3220 idem,
614 3158 808 3221 quem
843 3137 1077 3203 dicitur
1107 3138 1483 3225 Xanthippe
1523 3140 1891 3225 praedicare
1930 3142 2125 3206 solita
2160 3142 2231 3206 in
2267 3143 2412 3210 viro

389 3245 505 3290 suo
542 3224 743 3289 fuisse
781 3223 1128 3309 [Socrate],
1167 3226 1390 3291 eodem
1427 3249 1681 3311 semper
1706 3251 1775 3293 se
1802 3229 2040 3294 vidisse
2069 3234 2414 3295 exeuntem

387 3311 572 3376 illum
625 3311 817 3376 domo
873 3316 940 3377 et
981 3316 1426 3380 revertentem.
1515 3314 1581 3381 N
1584 3337 1654 3380 ec
1699 3338 1852 3382 vero
1905 3338 1983 3381 ea
2024 3317 2206 3382 frons
2253 3321 2413 3403 erat,

388 3419 551 3481 quae
595 3396 683 3462 M.
730 3397 948 3465 Crassi
989 3400 1161 3466 illius
1207 3402 1468 3485 veteris,
1514 3423 1704 3485 quem
1742 3405 1943 3468 semel
1991 3404 2085 3469 ait
2124 3405 2194 3469 in
2230 3407 2413 3470 omni

385 3484 524 3548 vita
559 3485 780 3551 risisse
817 3485 1127 3571 Lucilius,
1163 3487 1276 3552 sed
1313 3490 1667 3572 tranquilla
1708 3495 1775 3556 et
1810 3512 2060 3576 serena3
2107 3491 2202 3556 sic
2236 3493 2410 3558 em‘m
2438 3517 2485 3559 οο
