2609 3884
713 149 848 205 ΗΒ.
884 148 926 202 1.
984 147 1137 204 CAP.
1181 154 1325 236 ²¹.-
1341 155 1430 242 ¹31
1479 140 1509 216 ς
1546 156 1788 207 23-29.
2128 151 2257 217 289

374 315 467 375 M.
516 308 657 386 Quo
710 309 905 376 modo
959 309 1160 395 igitur
1205 314 1320 375 aut
1364 333 1478 377 cur
1522 315 1797 377 mortem
1842 313 2089 379 malum
2133 315 2259 379 tibi

238 397 447 464 videri
493 397 699 463 dicis?
746 419 908 482 quae
953 401 1068 463 aut
1113 399 1341 463 beatos
1384 421 1504 465 nos
1551 399 1791 465 efficiet
1843 401 2079 466 animis
2124 424 2259 467 ma·

238 486 546 551 nentibus
594 489 710 551 aut
748 509 882 551 non
927 484 1198 553 miseros
1245 509 1437 552 sensu
1484 488 1780 553 carentis.
2238 541 2363 603 ,12

373 574 457 640 Α.
509 573 816 658 Expone
837 575 1064 659 igitur,
1117 575 1248 641 nisi
1291 576 1641 641 molestum
1686 580 1811 659 est,
1854 578 2155 680 primum,
2201 578 2256 644 si
2294 618 2361 666 26

186 685 214 726 ε
241 664 460 746 potes,
506 663 756 728 animos
801 685 1134 728 remanere
1177 667 1333 747 post
1374 668 1677 748 mortem,
1725 668 1893 749 tum,
1941 666 1996 730 si
2042 666 2257 731 minus

239 749 310 814 id
355 751 680 816 obtinebis
727 749 858 836 (est
903 751 1074 816 enim
1119 750 1448 836 arduum),
1504 751 1765 817 docebis
1821 774 2035 818 carere
2082 755 2259 820 omni

240 839 414 904 malo
452 843 746 904 mortem.
799 839 946 924 Ego
975 839 1149 904 enim
1183 841 1352 905 istuc
1386 840 1601 923 ipsum
1635 863 1863 906 vereor
1895 863 1977 906 ne
2012 843 2256 907 malum

239 927 356 1011 sit,
398 948 532 992 non
577 927 718 992 dico
765 948 983 992 carere
1028 948 1244 1013 sensu,
1291 928 1405 993 sed
1450 929 1793 994 carendum
1838 950 1997 995 esse.

373 1021 465 1080 M.
509 1015 902 1081 Auctoribus
947 1016 1207 1100 quidem
1243 1015 1326 1080 ad
1370 1016 1563 1080 istam
1612 1017 2017 1102 sententiam,
2062 1040 2257 1102 quam

163 1128 214 1168 ιο
239 1104 340 1168 vis
396 1103 702 1187 obtineri,
755 1105 853 1168 uti
900 1104 1164 1187 optimis
1210 1125 1581 1189 possumus,
1626 1105 1798 1188 quod
1842 1106 1913 1170 in
1957 1107 2258 1173 omnibus

247 1191 462 1257 causis
508 1196 574 1256 et
619 1191 813 1256 debet
855 1196 924 1257 et
967 1193 1135 1257 solet
1177 1193 1393 1256 valere
1438 1193 1815 1279 plurimum,
1870 1198 1937 1259 et
1978 1195 2259 1278 primum

246 1279 507 1364 quidem
553 1281 728 1344 omni
775 1280 1186 1365 antiquitate,
1232 1302 1395 1364 quae
1433 1302 1558 1365 quo
1600 1282 1867 1365 propius
1904 1283 2132 1348 aberat
2176 1285 2257 1348 ab

245 1371 394 1432 ortu
439 1371 507 1433 et
548 1367 767 1433 divina
809 1368 1149 1452 progenie,
1192 1367 1318 1434 hoc
1354 1369 1586 1433 melius
1634 1390 1711 1435 ea
1752 1369 2052 1456 fortasse,
2097 1394 2258 1456 quae

243 1459 434 1521 erant
477 1477 658 1540 vera,
704 1458 1028 1522 cernebat.

165 1569 213 1610 15
372 1543 603 1628 Itaque
648 1567 847 1610 unum
897 1545 1062 1610 illud
1107 1547 1248 1610 erat
1289 1545 1561 1610 insitum
1605 1545 1836 1629 priscis
1890 1546 2051 1631 illis,
2096 1568 2257 1631 quos
2293 1569 2358 1618 27

241 1631 530 1698 ‘cascos'.
557 1633 849 1716 appellat
882 1632 1162 1716 Ennius,
1207 1653 1347 1697 esse
1382 1633 1452 1697 in
1488 1638 1697 1699 morte
1734 1655 2011 1716 sensum,
2049 1656 2275 1719 neque-

239 1742 507 1786 excessu
569 1721 742 1786 vitae
808 1721 900 1786 sic
963 1720 1165 1785 deleri
1229 1721 1587 1805 hominem,
1657 1724 1733 1786 ut
1801 1721 2095 1787 funditus
2160 1722 2255 1787 in-

238 1808 494 1892 teriret3
538 1808 731 1893 idque
778 1830 922 1874 cum
959 1809 1182 1874 multis
1221 1809 1369 1874 aliis
1406 1809 1597 1875 rebus
1606 1859 1625 1892 ,
1670 1813 1811 1874 tum
1850 1831 1883 1874 e
1919 1810 2255 1893 pontificio

238 1897 379 1962 iure
425 1900 492 1961 et
537 1919 572 1962 e
608 1897 1019 1962 caerimoniis
1066 1899 1506 1981 sepulcrorum
1540 1897 1835 1982 intellegi
1870 1898 2048 1981 licet,
2094 1921 2255 1983 quas

32 1985 34 1996 *
163 2011 217 2050 ιο
242 1985 564 2050 maxumis
618 1985 898 2069 ingeniis
952 1986 1230 2069 praediti
1280 2006 1399 2053 nec
1452 1988 1638 2049 tanta
1700 2007 1855 2050 cura
1907 1986 2256 2052 coluissent

241 2094 359 2138 nec
401 2072 684 2139 violatas
729 2077 867 2138 tam
912 2073 1290 2157 inexpiabili
1336 2073 1649 2158 religione
1700 2074 2084 2159 sanxissent,
2128 2076 2257 2140 nisi
2301 2109 2304 2111 ·

238 2160 538 2226 haereret
599 2161 669 2225 in
732 2183 952 2228 eorum
1014 2161 1342 2227 mentibus
1406 2165 1682 2226 mortem
1734 2185 1867 2228 non
1922 2164 2255 2229 interitum

43 2320 51 2328 ,
179 2273 186 2277 ·
239 2271 380 2315 esse
435 2249 652 2314 omnia
691 2250 1044 2316 tollentem
1103 2255 1296 2334 atque
1353 2250 1699 2335 delentem,
1756 2251 1868 2315 sed
1929 2252 2256 2337 quandam

238 2337 428 2423 quasi
474 2338 930 2439 migrationem
975 2338 1673 2440 commutationemque
1718 2339 1917 2423 vitae,
1977 2361 2139 2424 quae
2186 2341 2256 2404 in

163 2451 214 2492 25
239 2426 437 2492 elaris
482 2426 641 2490 viris
687 2429 755 2490 et
795 2425 1058 2491 feminis
1103 2427 1230 2492 dux
1275 2427 1344 2491 in
1391 2428 1636 2490 caelum
1685 2428 1923 2492 soleret
1968 2449 2135 2512 esse,
2184 2429 2255 2492 in

239 2515 471 2580 ceteris
537 2513 722 2578 humi
773 2515 1161 2580 retineretur
1223 2517 1289 2578 et
1351 2518 1757 2598 permaneret
1808 2517 2044 2580 tamen.
2150 2514 2253 2578 Ex
2291 2535 2356 2584 28

32 2671 34 2678 ,
237 2603 364 2668 hoc
403 2605 470 2667 et
502 2605 873 2668 nostrorum
911 2603 1214 2686 opinione
1263 2601 1664 2667 Romulus
1707 2602 1786 2666 in
1831 2602 2043 2667 caelo
2091 2623 2255 2667 cum

241 2690 360 2756 dis
408 2690 577 2774 agit
619 2689 944 2774 aevum',
989 2694 1064 2754 ut
1104 2691 1320 2756 famae
1365 2691 1729 2755 adsentiens
1776 2689 1938 2754 dixit
1980 2689 2255 2776 Ennius,

241 2783 307 2844 et
352 2777 527 2862 apud
571 2776 852 2844 Graecos
907 2778 1178 2863 indeque
1231 2779 1569 2862 perlapsus
1626 2778 1708 2842 ad
1760 2798 1879 2842 nos
1934 2782 2001 2843 et
2051 2800 2254 2863 usque

162 2891 216 2932 ιο
241 2867 323 2932 ad
369 2865 698 2932 Oceanum
733 2867 1044 2932 Hercules
1089 2870 1313 2932 tantus
1359 2872 1426 2931 et
1460 2870 1600 2930 tam
1635 2887 1939 2949 praesens
1976 2866 2256 2933 habetur

241 2954 432 3038 deus3
517 2953 672 3020 hinc
738 2953 934 3019 Liber
1005 2953 1258 3020 Semela
1335 2959 1529 3019 natus
1612 2954 1957 3039 eademque
2037 2956 2254 3020 famae

239 3043 618 3109 celebritate
681 3042 1090 3127 Tyndaridae
1160 3041 1420 3127 fratres,
1494 3043 1605 3127 qui
1674 3064 1807 3107 non
1880 3043 2072 3109 modo
2144 3041 2250 3108 ad·

238 3131 484 3197 intores
528 3131 599 3194 in
642 3128 909 3214 proeliis
945 3130 1254 3196 victoriae
1288 3131 1517 3215 populi
1551 3129 1858 3214 Romani,
1906 3131 2017 3196 sed
2054 3132 2253 3197 etiam

237 3219 453 3284 nuntii
512 3219 712 3284 fuisse
774 3219 1210 3302 perhibentur.
1320 3217 1595 3295 Quid?-
1644 3218 1761 3283 Ino
1827 3216 2054 3284 Cadmi
2116 3220 2253 3283 filia

165 3331 216 3372 85
239 3328 454 3373 nonne
499 3304 850 3372 Λευκοθέα
893 3306 1228 3373 nominata
1275 3329 1315 3372 a
1359 3305 1620 3372 Graecis
1666 3305 1922 3371 Matuta
1974 3305 2252 3370 habetur

241 3419 282 3461 a
323 3395 612 3462 nostris?
665 3395 889 3480 quid?
909 3399 1120 3459 totum
1163 3415 1365 3478 prope
1411 3394 1689 3475 caelum,
1733 3415 1813 3458 ne
1858 3394 2062 3476 pluris
2108 3415 2248 3476 per-

239 3505 499 3570 sequar,
561 3505 774 3550 nonne
835 3483 1118 3548 humano
1182 3503 1417 3568 genere
1479 3481 1871 3563 completum
1934 3479 2081 3543 est?
2180 3479 2249 3543 Si
2273 3451 2355 3574 122}

31 3571 38 3808 ³
343 3585 1929 3639 c1o.1v.1.19

32 3065 36 3160 j
