2609 3884
731 179 866 233 LIB.
903 179 998 236 IV.
1056 178 1209 233 CAP.
1249 185 1494 233 26—28.
1554 184 1584 244 ἓ
1623 184 1866 235 73-78.
2179 180 2306 243 231

285 341 456 407 nihil
500 342 698 406 iuvat.
770 339 906 405 Nec
953 341 1155 424 enim,
1201 362 1425 405 omnes
1464 339 1769 404 avaritias
1816 340 1873 404 si
1917 362 2115 425 aeque
2164 364 2311 405 ava-

286 431 476 493 ritias
524 451 662 494 esse
711 429 1090 509 dixerimus,
1137 432 1467 512 sequetur,
1520 431 1595 492 ut
1640 428 1837 493 etiam
1884 450 2123 512 aequas
2170 451 2311 493 esse

288 518 594 581 dicamuS.
689 517 858 581 Ecce
913 516 1088 582 aliud
1135 516 1347 581 simile
1402 516 1733 580 dissimile.
1823 514 1915 581 Ut
1961 516 2162 599 enim,
2210 517 2307 580 in·
2347 531 2415 580 ‘16

288 606 457 689 quit,
521 606 919 690 gubernator
983 625 1183 688 aeque
1245 607 1497 688 peccat,
1560 604 1619 667 si
1680 605 2012 686 palearum
2075 626 2309 669 navem

232 716 261 757 5
290 692 524 758 evertit
579 697 646 757 et
699 694 755 758 si
809 694 977 775 auri,
1030 694 1189 757 item
1247 714 1450 776 aeque
1502 694 1753 775 peccat,
1809 693 1921 777 qui
1976 696 2310 775 parentem

291 784 357 845 et
409 781 521 865 qui
576 803 831 845 servum
883 781 1123 845 iniuria
1176 781 1493 845 verberat.
1546 816 1636 826 —
1689 778 1834 844 Hoc
1888 802 2021 846 non
2077 780 2311 864 videre,

289 869 471 934 cuius
527 870 781 954 generis
837 891 1000 934 onus
1055 869 1240 933 navis
1296 868 1519 951 vehat,
1578 866 1648 931 id
1713 868 1795 932 ad
1858 869 2311 953 gubernatoris

291 960 498 1021 artem
541 957 708 1021 nihil
753 958 1098 1040 pertinere!
1151 957 1374 1040 itaque
1421 978 1650 1020 aurum
1696 956 2032 1038 paleamne
2076 960 2311 1040 portet,

289 1045 370 1109 ad
423 1045 587 1109 bene
647 1049 760 1109 aut
819 1044 901 1109 ad
964 1045 1133 1109 male
1197 1043 1687 1128 gubernandum
1740 1043 1905 1109 nihil
1967 1045 2308 1110 interesse!

209 1158 262 1198 ιο
289 1132 382 1196 Α1
425 1132 581 1216 (1111(1
624 1134 794 1198 inter
838 1137 1173 1217 parentem
1216 1135 1281 1196 et
1319 1132 1645 1198 servulum
1690 1131 1968 1212 intersit,
2012 1134 2310 1217 intellegi

290 1224 357 1285 et
409 1223 631 1303 potest
693 1224 759 1285 et
823 1221 1030 1285 debet.
1130 1220 1309 1305 Ergo
1372 1220 1443 1285 in
1504 1220 1923 1305 gubernando
1985 1222 2178 1305 nihil,
2242 1222 2311 1286 in

221 1378 234 1389 ,
291 1308 505 1373 officio
552 1308 904 1392 plurimum
949 1309 1241 1387 interest,
1289 1330 1418 1392 quo
1461 1309 1529 1372 in
1566 1329 1798 1392 genere
1834 1313 2149 1395 peccetur.
2219 1308 2311 1373 Et

289 1397 347 1461 si
392 1398 463 1461 in
507 1398 652 1480 ipsa
696 1397 1164 1482 gubernatione
1216 1397 1634 1481 neglegentia
1680 1400 1780 1460 est
1835 1397 2021 1461 navis
2069 1419 2311 1480 eversa,

290 1485 502 1549 maius
541 1488 644 1549 est
686 1487 1020 1568 peccatum
1065 1484 1136 1549 in
1173 1506 1333 1549 auro
1371 1507 1565 1568 quam
1601 1486 1669 1548 in
1714 1486 1918 1566 palea.
1992 1482 2309 1550 Omnibus

209 1596 262 1637 15
291 1574 468 1637 enim
532 1573 782 1638 artibus
858 1573 1155 1638 volumus
1231 1573 1620 1637 attributam
1692 1594 1832 1636 esse
1906 1594 2072 1656 eam,
2145 1594 2309 1656 quae

291 1661 650 1725 communis
723 1662 1088 1745 appellatur
1161 1660 1535 1744 prudentia,
1610 1680 1805 1744 quam
1879 1681 2128 1743 omnes,
2199 1660 2311 1744 qui

290 1749 520 1833 cuique
568 1749 841 1814 artificio
885 1752 1222 1833 praesunt,
1277 1748 1513 1813 debent
1564 1748 1819 1813 habere.
1909 1747 2013 1811 Ita
2060 1769 2143 1813 ne
2186 1748 2311 1813 hoc

293 1837 549 1920 quidem
593 1837 785 1901 modo
831 1838 1019 1920 paria
1061 1840 1331 1921 peccata
1378 1839 1546 1903 sunt.
2255 1921 2262 1927 ι

423 1922 722 2010 Urguent
779 1929 1000 1989 tamen
1045 1930 1112 1989 et
1154 1925 1321 1990 nihil
1367 1924 1721 1989 remittunt
1813 1924 2159 2008 Quoniam,
2214 1924 2307 1988 in·
2330 1895 2413 2021 {i}

211 2038 267 2077 ιο
295 2012 551 2096 quiunt,
598 2035 786 2079 omne
831 2017 1168 2096 peccatum
1219 2013 1686 2077 imbecillitatis
1735 2015 1800 2076 et
1842 2014 2309 2077 inconstantiae

298 2105 422 2184 est,
467 2100 626 2165 haec
664 2104 879 2166 autem
914 2102 1076 2165 vitia
1120 2102 1191 2165 in
1226 2101 1524 2165 omnibus
1571 2100 1788 2165 stultis
1828 2122 2029 2185 aeque
2070 2122 2310 2185 magna

297 2194 475 2272 sunt,
518 2209 781 2254 necesse
827 2192 928 2253 est
970 2189 1155 2273 paria
1193 2202 1341 2253 'esse
1386 2193 1673 2272 peccata.
1754 2187 1955 2264 Quasi
1999 2210 2149 2253 vero
2198 2193 2311 2253 aut

296 2276 684 2342 concedatur
727 2277 798 2341 in
843 2277 1144 2343 omnibus
1181 2276 1403 2342 stultis
1440 2298 1639 2361 aeque
1676 2296 1916 2361 magna
1952 2298 2091 2341 esse
2130 2277 2310 2355 vitia,

294 2368 360 2429 et
415 2365 637 2429 eadem
701 2366 1153 2429 imbecillitate
1217 2368 1284 2429 et
1343 2365 1782 2431 inconstantia
1818 2364 1923 2429 -L.
1985 2363 2310 2428 Tubulum

211 2476 267 2518 25
292 2452 524 2536 fuisse,
569 2475 698 2537 qua
731 2453 944 2537 illum,
989 2454 1169 2517 cuius
1216 2453 1275 2516 is
1314 2452 1777 2517 condemnatus
1816 2456 1915 2517 est
1948 2452 2311 2536 rogatione,

291 2540 362 2606 P.
409 2539 810 2625 Scaevolam,
869 2544 936 2605 et
989 2541 1175 2625 quasi
1229 2540 1397 2605 nihil
1451 2541 1621 2605 inter
1666 2562 1770 2606 res
1817 2560 2069 2624 quoque
2114 2540 2309 2624 ipsas,

292 2630 362 2693 in
425 2628 661 2713 quibus
725 2631 1056 2713 peccatur,
1120 2629 1407 2711 intersit,
1475 2631 1573 2713 ut,
1637 2650 1762 2712 quo
1835 2628 1959 2692 hae
2031 2628 2308 2692 maiores

294 2715 656 2782 minoresve
703 2718 860 2795 sint,
906 2738 1008 2795 60,
1056 2739 1221 2801 (11166
1266 2720 1609 2800 peccentur
1654 2717 1724 2780 in
1766 2715 1871 2780 his
1917 2716 2139 2799 1611113,
2196 2718 2310 2780 6111

293 2804 544 2868 11161016
599 2804 730 2868 sint
785 2808 898 2869 aut
949 2805 1228 2870 minora!
1327 2803 1554 2888 Itaque
1616 2803 1776 2890 (iam
1831 2804 2001 2868 enim
2057 2804 2307 2869 conclu·
2347 2826 2414 2874 78

211 2916 268 2957 ω
295 2892 486 2956 datur
522 2889 762 2978 oratio)
798 2893 924 2958 hoc
956 2915 1083 2957 uno
1122 2893 1284 2958 vitio
1322 2894 1601 2957 maxime
1642 2892 1807 2956 mihi
1852 2892 2059 2975 premi
2094 2891 2309 2955 viden-

292 2982 400 3044 tur
454 2980 554 3044 tui
600 2978 828 3064 Stoici,
881 2981 1052 3065 quod
1097 3002 1166 3045 se
1226 3002 1418 3063 posse
1463 2984 1700 3063 putant
1746 2980 1904 3043 duas
1952 2980 2309 3044 contrarias

294 3068 646 3133 sententias
703 3069 1014 3133 obtinere.
1115 3067 1282 3144 Quid
1348 3069 1517 3131 enim
1582 3071 1681 3132 est
1742 3072 1878 3132 tam
1941 3088 2309 3151 repugnans

294 3176 491 3240 quam
545 3155 816 3220 eundem
871 3156 1108 3239 dicere,
1161 3155 1334 3240 quod
1396 3156 1743 3221 honestum
1804 3156 1919 3239 sit,
1974 3156 2185 3219 solum
2244 3154 2312 3219 id

293 3243 538 3308 bonum
583 3265 750 3328 esse,
804 3244 916 3329 qui
971 3244 1146 3308 dicat
1191 3244 1659 3327 appetitionem
1703 3265 1917 3308 rerum
1970 3243 2049 3307 ad
2096 3242 2309 3307 viven-

215 3355 268 3396 65
296 3330 449 3395 dum
497 3332 1125 3397 accommodatarum
1171 3354 1212 3397 a
1255 3336 1491 3395 natura
1535 3330 1935 3415 profectam?
2016 3330 2122 3397 Ita
2168 3352 2312 3393 cum

294 3440 372 3484 ea
434 3420 661 3484 volunt
729 3419 1035 3503 retinere,
1108 3441 1272 3505 quae
1348 3420 1661 3503 superiori
1732 3418 2091 3483 sententiae
2164 3438 2311 3481 con-

292 3506 590 3593 veniunt,
643 3508 711 3572 in
765 3507 1144 3575 Aristonem
1199 3506 1520 3591 incidunt3
1577 3528 1721 3571 cum
1773 3506 1841 3570 id
1904 3506 2186 3589 fugiunt,
2242 3524 2311 3566 re
