2609 3884
699 160 831 215 ΠΒ.
867 160 964 215 ΙΠ.
1021 158 1174 216 CAP.
1215 166 1390 215 2-4.
1446 165 1475 226 ς
1514 160 1735 217 8—12.'
2091 162 2219 227 175

189 320 430 386 oratio.
501 318 776 385 Minime
811 343 992 405 vero,
1037 320 1252 406 inquit
1295 321 1435 405 ille,
1481 322 1817 386 consentit,
1901 321 2218 406 Quicquid

189 408 370 471 enim
415 412 679 491 praeter
719 408 815 492 id,
861 409 1033 493 quod
1068 409 1413 474 honestum
1452 408 1564 492 sit,
1608 409 2036 493 expetendum
2076 432 2217 476 esse

187 496 438 561 dixeris
487 496 560 560 in
602 496 918 580 bonisque
963 497 1402 561 numeraveris
1413 547 1432 582 ,
1486 501 1553 562 et
1609 495 1956 562 honestum
2000 498 2216 581 ipsum

188 583 384 667 quasi
439 584 704 649 virtutis
758 586 977 648 lumen
1033 584 1415 649 exstinxeris
1470 587 1538 649 et
1590 584 1899 650 virtutem
1955 586 2215 668 penitus

136 696 164 736 5
190 672 529 736 everteris.
635 671 958 736 Dicuntur
1019 672 1174 755 ista,
1239 670 1437 756 Cato,
1499 672 1839 757 magnifice
1858 723 1876 757 ,
1936 673 2217 757 inquam,

190 760 308 824 sed
364 760 633 824 videsne
687 760 1031 825 verborum
1087 760 1366 844 gloriam
1411 760 1538 825 tibi
1584 782 1727 825 cum
1772 759 2107 844 Pyrrhone
2153 765 2219 825 et

187 869 342 912 cum
381 846 719 931 Aristone,
764 848 874 931 qui
910 848 1128 911 omnia
1164 851 1541 931 exaequant,
1592 869 1731 913 esse
1768 848 2217 913 communem?

187 936 268 999 de
335 935 575 1018 quibus
631 935 818 1018 cupio
875 934 1038 1000 scire
1092 935 1246 1019 quid
1299 936 1561 1001 sentias,
1658 935 1888 1020 Egone
1944 937 2217 1022 quaeris,

187 1024 429 1107 inquit,
475 1022 627 1106 quid
666 1022 990 1087 sentiam?
1036 1043 1194 1106 quos
1236 1023 1444 1087 bonos
1490 1023 1683 1108 viros,
1725 1023 1949 1107 forteS,
1993 1024 2220 1108 iustOS,

113 1135 161 1175 no
187 1110 571 1175 moderatos
619 1113 734 1174 aut
778 1110 1138 1174 audivimus
1183 1110 1255 1175 in
1289 1131 1359 1175 re
1404 1111 1663 1193 publica
1705 1111 1903 1175 fuisse
1942 1115 2054 1176 aut
2088 1111 2216 1195 ipsi

184 1198 505 1283 vidimus,
553 1197 663 1281 qui
709 1197 848 1262 sine
891 1198 1030 1261 ulla
1074 1197 1370 1263 doctrina
1412 1201 1713 1263 naturam
1756 1199 1967 1283 ipsam
2014 1200 2219 1264 secuti

187 1287 408 1351 multa
460 1285 814 1350 laudabilia
865 1284 1183 1369 fecerunt,
1239 1306 1347 1350 eos
1393 1286 1623 1350 melius
1671 1309 1710 1351 a
1752 1290 1985 1351 natura
2027 1286 2217 1352 insti-

185 1378 381 1441 tutos
431 1373 661 1462 fuisse,
717 1396 910 1458 quam
963 1373 1218 1437 institui
1269 1374 1635 1456 potuissent
1688 1396 1727 1439 a
1783 1373 2219 1458 philosophia,

190 1464 250 1527 si
293 1462 510 1527 ullam
557 1461 751 1525 aliam
801 1461 1258 1545 probavissent
1308 1465 1569 1545 praeter
1614 1482 1783 1545 eam,
1838 1483 2002 1545 quae
2047 1462 2216 1526 nihil

115 1572 164 1615 ιε
190 1550 380 1615 aliud
422 1550 495 1614 in
536 1548 728 1614 bonis
764 1548 1035 1613 haberet
1077 1548 1207 1613 nisi
1241 1547 1614 1632 honestum,
1659 1549 1824 1613 nihil
1863 1548 1992 1613 nisi
2026 1551 2216 1631 turpe

189 1640 264 1702 in
321 1638 544 1720 malis3
601 1641 850 1701 ceterae
904 1635 1441 1719 philosophorum
1496 1636 1898 1720 disciplinae,
1952 1636 2215 1701 omnino

191 1726 330 1791 alia
386 1724 596 1809 magis
653 1725 806 1807 alia,
861 1724 973 1789 sed
1026 1727 1248 1788 tamen
1303 1745 1551 1807 omnes,
1607 1744 1769 1809 quae
1825 1744 1962 1787 rem
2014 1724 2215 1787 ullam

187 1814 461 1878 virtutis
507 1814 834 1895 expertem
881 1814 993 1875 aut
1035 1812 1104 1875 in
1150 1811 1339 1876 bonis
1380 1815 1492 1876 aut
1525 1812 1595 1875 in
1630 1812 1819 1874 malis
1858 1813 2219 1894 numerent,

191 1923 308 1966 eas
363 1921 498 1965 non
549 1900 739 1965 modo
793 1898 957 1962 nihil
1013 1899 1319 1963 adiuvare
1374 1899 1655 1963 arbitror
1707 1919 1912 1982 neque
1968 1898 2215 1981 afferre,

113 2014 166 2053 20
194 2011 325 2073 quo
383 1988 680 2053 meliores
740 1987 940 2051 simus
949 2036 968 2070 ,
1037 1987 1147 2052 sed
1209 1987 1419 2070 ipsam
1482 1986 1833 2069 depravare
1894 1990 2216 2050 naturam.

193 2076 372 2142 Nam
416 2075 550 2140 nisi
591 2074 717 2139 hoc
761 2075 1152 2158 obtineatur,
1198 2074 1265 2138 id
1303 2075 1514 2139 solum
1549 2074 1795 2138 bonum
1831 2095 2000 2159 esse,
2045 2073 2217 2157 quod

193 2165 544 2229 honestum
581 2163 686 2246 sit,
719 2162 902 2226 nullo
940 2163 1130 2227 modo
1167 2162 1435 2245 probari
1472 2163 1683 2245 possit
1718 2163 1979 2226 beatam
2011 2162 2215 2225 vitam

194 2253 443 2317 virtute
490 2249 675 2315 effici.
749 2249 934 2327 Quod
980 2250 1037 2314 si
1081 2250 1180 2315 ita
1225 2249 1341 2332 sit,
1384 2271 1496 2313 cur
1533 2271 1729 2333 opera
1762 2248 2217 2333 philosophiae

197 2340 287 2404 sit
330 2339 569 2421 danda,
612 2338 850 2403 nescio,
923 2334 994 2401 Si
1031 2338 1205 2401 enim
1253 2337 1507 2420 sapiens
1556 2337 1786 2421 aliquis
1834 2336 2032 2400 miser
2077 2357 2216 2399 esse

117 2451 170 2493 π
195 2428 437 2511 possit,
489 2447 572 2491 ne
628 2444 750 2509 ego
794 2426 992 2489 istam
1036 2425 1389 2509 gloriosam
1433 2423 2043 2507 memorabilemque
2090 2422 2215 2487 vir-

193 2519 410 2581 tutem
452 2535 588 2579 non
633 2532 871 2596 magno
920 2512 1389 2577 aestimandam
1434 2515 1673 2596 putem.

335 2601 517 2679 Quae
572 2600 804 2685 adhuc,
863 2598 1057 2683 Cato,
1117 2623 1158 2665 a
1208 2603 1276 2665 te
1331 2600 1505 2664 dicta
1560 2602 1742 2683 sunt,
1806 2597 2057 2679 eadem,
2118 2596 2215 2660 in·

197 2713 422 2775 quam,
487 2688 694 2753 dicere
762 2709 986 2771 posses
999 2738 1018 2772 ,
1091 2688 1150 2751 si
1221 2708 1555 2772 sequerere
1625 2684 2029 2769 Pyrrhonem
2103 2687 2218 2748 aut

198 2778 600 2843 Aristonem,
671 2774 810 2841 Nec
847 2776 1021 2840 enim
1063 2776 1328 2859 ignoras
1364 2776 1446 2839 iis
1491 2774 1669 2839 istud
1704 2774 2049 2838 honestum
2083 2793 2219 2837 non

18 2876 20 2921 ἰ
121 2890 176 2930 ³0
205 2887 532 2931 summum
585 2864 807 2947 modo,
861 2863 974 2927 sed
1029 2865 1252 2947 etiam,
1308 2865 1384 2926 ut
1426 2865 1501 2927 tu
1542 2862 1670 2944 vis,
1720 2860 1930 2925 solum
1976 2860 2219 2925 bonum

199 2944 422 3019 videri.
529 2950 711 3027 Quod
765 2950 820 3014 si
874 2951 970 3014 ita
1023 2953 1150 3034 est,
1204 2949 1494 3033 sequitur
1537 2949 1605 3013 id
1651 2949 1890 3033 ipsum,
1935 2948 2107 3032 quod
2151 2950 2219 3012 te

200 3042 363 3107 velle
437 3039 651 3122 video,
732 3060 954 3103 omnes
1027 3058 1280 3120 semper
1362 3038 1590 3101 beatos
1662 3058 1799 3101 esse
1874 3035 2222 3118 sapientes.

201 3128 428 3194 Hosne
473 3127 679 3211 igitur
722 3126 948 3189 laudas
995 3128 1061 3189 et
1103 3125 1271 3190 hanc
1318 3145 1567 3207 eorum,
1618 3123 1908 3207 inquam,
1966 3125 2217 3187 senten-

201 3217 364 3281 tiam
403 3215 588 3300 sequi
621 3235 742 3279 nos
779 3234 998 3277 censes
1035 3211 1381 3296 oportere?
1453 3210 1719 3275 Minime
1755 3232 1907 3275 vero
1943 3209 2219 3274 istorum

123 3326 176 3368 ³5
203 3304 491 3389 quidem,
537 3302 766 3385 inquit.
838 3299 1000 3367 Cum
1045 3299 1216 3364 enim
1259 3298 1520 3364 virtutis
1566 3298 1690 3363 hoc
1733 3296 2067 3382 proprium
2114 3296 2221 3373 sit,

203 3413 426 3455 earum
479 3411 723 3472 rerum,
787 3410 950 3473 quae
1005 3386 1353 3452 secundum
1405 3389 1704 3450 naturam
1760 3386 1917 3466 sint,
1979 3382 2220 3447 habere

203 3479 542 3558 dilectum,
588 3478 701 3563 qui
745 3476 965 3542 omnia
1009 3476 1101 3539 sic
1146 3476 1691 3559 exaequaverunt,
1742 3475 1818 3535 ut
1862 3472 1933 3535 in
1976 3473 2235 3532 utram·-

2254 686 2320 735 11
