2609 3884
619 110 756 166 ΜΒ.
794 109 891 166 IV.
947 109 1103 165 CAP.
1143 117 1386 169 13-15.
1444 117 1474 178 ς
1511 117 1758 168 30—35.
2065 115 2198 178 403

176 273 533 358 aegritudo,
579 277 808 339 metus.
870 273 1374 358 Aegrotationes
1421 277 1636 339 autem
1681 275 2019 359 morbique
2062 276 2198 340 ani-

174 382 428 424 morum
475 359 800 426 difficilius
855 362 1045 426 evelli
1098 383 1291 446 posse
1350 365 1661 447 putantur
1707 384 1900 447 quam
1945 385 2199 427 summa

172 448 292 512 illa
355 448 544 532 vitia,
615 471 780 533 quae
851 449 1203 515 virtutibus
1278 454 1430 514 sunt
1501 451 1845 515 contraria.
1947 451 2196 516 Morbis

174 535 350 600 enim
396 537 808 602 manentibus
846 537 1010 602 vitia
1045 538 1304 603 sublata
1341 559 1481 603 esse
1525 543 1826 623 possunt,
1872 539 2023 623 quia
2066 561 2199 604 non

120 648 145 689 5
172 627 313 688 tam
369 624 661 690 celeriter
713 629 1050 704 sanantur,
1112 646 1305 709 quam
1359 625 1479 690 illa
1531 627 1867 692 tolluntur.
1973 626 2195 692 Habes
2233 647 2304 698 38

175 733 269 794 ea,
307 733 471 795 quae
507 711 585 776 de
619 713 1221 796 perturbationibus
1250 714 1581 778 enucleate
1611 714 1946 799 disputant
1973 713 2195 797 Stoici,

174 820 343 883 quae
386 796 619 882 λογικά
657 801 1017 886 appellant,
1061 801 1213 885 quia
1257 801 1659 867 disseruntur
1701 803 2020 868 subtilius.
2090 802 2195 868 Ex

173 887 411 971 quibus
450 889 756 973 quoniam
790 893 1122 973 tamquam
1160 910 1239 954 ex
1280 890 1633 974 scruplosis
1680 891 1934 956 cotibus
1981 891 2196 956 erravi--

173 975 360 1060 gavit
411 976 646 1060 oratio,
697 976 985 1061 reliquae
1030 977 1488 1061 disputationis
1535 1000 1794 1044 cursum
1839 982 2197 1064 teneamus,

96 1089 146 1128 ιο
174 1063 368 1129 modo
444 1064 602 1129 satis
678 1064 798 1130 illa
860 1064 1136 1130 dilucide
1199 1065 1550 1131 dixerimus
1613 1088 1733 1152 pro
1797 1088 2013 1133 rerum
2083 1068 2194 1133 ob-

174 1151 501 1216 scuritate.

305 1239 389 1304 A.
420 1238 693 1306 Prorsus
723 1241 912 1327 satis3
942 1241 1055 1306 sed
1075 1242 1134 1307 si
1161 1263 1326 1325 quae
1347 1240 1724 1327 diligentius
1746 1247 1934 1309 erunt
1961 1264 2196 1329 cogno-

174 1327 435 1410 scenda,
479 1349 863 1411 quaeremus
912 1329 1103 1412 alias,
1144 1351 1318 1394 nunc
1363 1330 1535 1414 vela,
1582 1353 1748 1416 quae
1792 1331 1978 1398 modo
2027 1332 2194 1397 dice-

172 1417 321 1498 bas,
367 1421 780 1499 expectamus
828 1421 894 1483 et
938 1439 1214 1482 cursum.
1944 1478 1949 1483 .

95 1528 147 1570 ιε
308 1508 400 1568 Μ.
447 1503 748 1589 Quando,
792 1508 867 1570 ut
912 1505 1059 1570 aliis
1103 1504 1263 1570 locis
1311 1504 1389 1569 de
1425 1506 1666 1570 virtute
1703 1509 1770 1570 et
1809 1506 2084 1572 diximus
2130 1511 2197 1572 et
2219 1477 2302 1604 ῙΒΞ

174 1613 367 1676 saepe
403 1591 740 1657 dicendum
775 1593 900 1657 erit
932 1589 1303 1678 (pleraeque
1341 1593 1516 1657 enim
1553 1595 1983 1678 quaestiones,
2029 1617 2195 1679 quae

174 1679 258 1744 ad
301 1680 505 1744 vitam
550 1701 888 1765 moresque
932 1681 1287 1764 pertinent,
1337 1702 1377 1746 a
1421 1681 1685 1746 virtutis
1729 1681 1910 1747 fonte
1957 1683 2194 1748 ducun-

171 1765 336 1852 tur),
381 1767 637 1851 quando
683 1768 886 1854 igitur
929 1769 1136 1834 virtus
1174 1772 1277 1833 est
1322 1767 1600 1834 adfectio
1647 1769 1848 1834 animi
1891 1773 2193 1837 constans

173 1857 710 1940 conveniensque,
753 1856 1111 1921 laudabiles
1136 1856 1442 1921 efficiens
1490 1878 1628 1939 eos,
1680 1857 1751 1922 in
1795 1858 2028 1941 quibus
2077 1863 2194 1944 est,

94 1971 145 2009 20
173 1947 241 2008 et
284 1944 430 2026 ipsa
472 1964 589 2028 per
626 1966 695 2009 se
732 1965 851 2010 sua
886 1948 1119 2028 sponte
1156 1947 1458 2028 separata
1495 1945 1693 2009 etiam
1729 1945 2010 2011 utilitate
2055 1947 2194 2011 lau-

175 2031 438 2116 dabilis,
482 2053 562 2096 ex
607 2053 685 2097 ea
726 2032 1221 2117 proficiscuntur
1256 2032 1570 2097 honestae
1611 2033 2001 2112 voluntates,
2049 2057 2194 2100 sen-

172 2119 447 2204 tentiae,
484 2120 773 2185 actiones
810 2119 1143 2205 omnisque
1177 2123 1358 2185 recta
1392 2121 1560 2185 ratio
1573 2170 1591 2203 ,
1626 2142 2015 2207 quamquam
2049 2123 2194 2208 ipsa

172 2208 381 2283 virtus
426 2207 824 2273 brevissume
868 2209 1045 2272 recta
1088 2209 1255 2273 ratio
1300 2208 1429 2274 dici
1473 2212 1708 2292 potest.
1805 2208 2018 2276 Huius
2070 2213 2192 2297 igi-

170 2300 281 2360 tur
340 2295 602 2361 virtutis
666 2296 995 2361 contraria
1055 2300 1158 2361 est
1218 2296 1544 2361 vitiositas
1605 2294 1730 2382 (sic
1785 2298 1958 2362 enim
2017 2300 2192 2366 malo

29 2387 31 2390 ’
96 2409 147 2449 25
173 2406 373 2468 quam
428 2383 746 2449 malitiam
800 2383 1130 2467 appellare
1185 2405 1356 2467 eam,
1415 2406 1608 2468 quam
1662 2382 1892 2450 Graeci
1953 2388 2194 2452 κακίαν

174 2472 536 2556 appellant3
579 2493 733 2536 nam
769 2470 1019 2536 malitia
1056 2472 1215 2536 certi
1252 2471 1586 2536 cuiusdam
1621 2472 1764 2536 vitii
1799 2494 2038 2538 nomen
2074 2478 2193 2559 est,

171 2559 501 2625 vitiositas
538 2556 881 2645 omnium);
928 2580 1005 2622 ex
1051 2580 1180 2643 qua
1214 2558 1617 2624 concitantur
1655 2560 2193 2647 perturbationes,

171 2669 339 2733 quae
384 2650 561 2731 sunt,
612 2650 688 2711 ut
728 2647 926 2731 paulo
974 2651 1122 2712 ante
1168 2647 1473 2731 diximus,
1526 2647 1770 2712 turbidi
1823 2649 2192 2714 animorum

172 2735 611 2819 concitatique
664 2738 908 2818 motuS,
972 2735 1182 2800 aversi
1237 2758 1276 2800 a
1328 2735 1580 2801 ratione
1635 2738 1702 2799 et
1752 2734 2192 2804 inimicissimi

96 2848 147 2890 so
173 2823 413 2888 mentis
460 2822 758 2907 vheque
803 2823 1208 2907 tranquillae.
1296 2821 1641 2906 Inportant
1691 2823 1864 2887 enim
1912 2826 2194 2908 aegritu-

173 2912 355 2977 dines
422 2910 645 2976 anxias
708 2913 901 2994 atque
965 2911 1230 2975 acerbas
1295 2911 1668 2995 animosque
1733 2911 2055 2996 adfligunt
2125 2917 2194 2979 et

173 2999 522 3065 debilitant
564 3000 768 3083 metu3
822 2998 1017 3062 iidem
1062 2998 1469 3064 inflammant
1515 2998 1911 3082 adpetitione
1970 3002 2192 3087 nimia,

172 3109 370 3172 quam
430 3089 571 3151 tum
635 3085 1079 3170 cupiditatem,
1140 3089 1281 3150 tum
1339 3086 1674 3151 libidinem
1729 3087 2028 3172 dicimus,
2090 3089 2191 3153 in-

170 3174 533 3259 potentiam
561 3173 883 3259 quandam
912 3173 1112 3237 animi
1140 3196 1179 3237 a
1203 3175 1636 3258 temperantia
1663 3179 1730 3239 et
1747 3175 2188 3241 moderatione

28 3341 53 3444 h
97 3288 146 3327 ³⁵
172 3263 525 3434 ἓὲᾚὲἒ
546 3259 1310 3432 θῗίῗῗέἕῗῂίῗᾼωὲΐὲἑ
1348 3261 2187 3416 εἰωῖῗξέεέἴέῂῖῖμὲιαὲῗῖ
2223 3282 2290 3335 ⁸⁶

108 3399 119 3405 ⁶
1320 3399 1339 3433 2

172 3400 337 3521 tate,
384 3442 458 3502 ut
504 3435 734 3502 ‘nihil
781 3436 850 3500 ei
895 3439 1227 3520 constet,
1274 3437 1471 3521 quod
1518 3436 1758 3522 agat',
1801 3441 1877 3501 ut
1911 3438 2039 3521 ille,
2075 3439 2186 3524 qui

1760 3536 1870 3594 26³⁸
