2609 3884
427 156 560 223 370
816 154 1413 213 ΤΠὸΟΠΙιΑ-ΝΑΒΠΜ
1445 155 2055 212 DISPUTATIONUM

425 342 857 405 maereamus,
895 318 1005 385 sed
1039 323 1114 384 ut
1147 340 1519 404 numquam.
1590 316 1815 404 Neque
1853 319 2042 403 enirn,
2078 319 2189 404 qui
2226 341 2453 386 rerum

423 413 728 476 naturam
746 460 764 492 ‚
845 408 956 493 qui
1026 407 1202 472 vitae
1272 407 1655 472 varietatem
1669 456 1688 491 ,
1767 407 1878 492 qui
1948 408 2453 475 inbecillitatem

426 499 679 585 generis
741 494 1008 563 humani
1071 495 1351 580 cogitat,
1414 498 1682 579 maeret,
1748 516 1893 560 cum
1953 494 2113 562 haec
2176 497 2454 583 cogitat,
2540 560 2542 567 .

427 586 541 652 sed
614 590 756 652 tum
827 585 930 650 vel
1002 584 1282 649 maxime
1354 583 1714 667 sapientiae
1798 583 2091 668 fungitur
2160 606 2451 650 munere.

425 673 786 759 Utrumque
825 671 998 737 enim
1034 672 1471 755 consequitur,
1516 675 1591 736 ut
1626 675 1693 735 et
1731 672 2202 737 considerandis
2248 674 2450 738 rebus
2479 700 2504 738 5

425 762 728 828 humanis
781 759 1048 846 proprio
1110 757 1565 843 philosophiae
1626 758 1879 824 fruatur
1941 759 2153 825 officio
2207 762 2280 826 et
2340 762 2453 827 ad·

426 851 630 918 versis
686 849 942 915 casibus
1005 847 1249 932 triplici
1290 847 1752 914 consolatione
1818 851 2101 927 sanetur,
2156 847 2453 932 primum

426 938 596 1025 quod
640 959 834 1022 posse
881 935 1162 1001 accidere
1207 933 1319 1000 diu
1364 935 1703 1020 cogitavit,
1749 956 1912 1020 quae
1953 936 2269 1021 cogitatio
2316 960 2451 1001 una

424 1025 703 1093 maxime
766 1023 1102 1089 molestias
1166 1022 1375 1088 omnis
1438 1025 1745 1089 extenuat
1806 1027 1873 1088 et
1933 1023 2149 1110 diluit,
2211 1025 2452 1090 deinde

424 1112 599 1201 quod
666 1113 954 1177 humana
1030 1109 1298 1177 humane
1365 1110 1631 1176 ferenda
1699 1111 2042 1196 intellegit,
2110 1115 2453 1196 postremo

426 1201 597 1287 quod
650 1199 828 1265 videt
880 1198 1128 1264 malum
1177 1199 1432 1265 nullum
1486 1220 1625 1264 esse
1669 1199 1799 1264 nisi
1848 1201 2130 1284 culpam,
2185 1201 2454 1284 culpam

426 1292 642 1364 autem
702 1287 949 1353 nullam
1012 1308 1182 1372 esse,
1245 1308 1393 1353 cum
1455 1286 1549 1371 id,
1614 1287 1784 1372 quod
1847 1287 1930 1352 ab
1992 1287 2257 1354 homine
2313 1310 2455 1353 non

325 1397 390 1449 85
426 1376 714 1462 potuerit
748 1375 1097 1461 praestari,
1133 1374 1437 1440 evenerit.
1505 1371 1679 1440 Nam
1713 1375 2036 1442 revocatio
2073 1375 2207 1459 illa,
2246 1397 2453 1461 quam

427 1464 662 1550 adfert,
707 1485 854 1529 cum
900 1484 941 1528 a
984 1463 1363 1529 contuendis
1400 1484 1521 1528 nos
1562 1463 1752 1528 malis
1798 1466 2054 1547 avocat,
2096 1462 2282 1529 nulla
2327 1469 2451 1530 est.

424 1554 578 1620 Non
639 1555 742 1618 est
803 1550 976 1617 enim
1037 1550 1107 1616 in
1168 1554 1399 1616 nostra
1464 1553 1788 1636 potestate
1859 1550 2297 1617 fodicantibus
2362 1552 2448 1617 iis

422 1642 645 1724 rebus,
705 1662 866 1725 quas
928 1638 1137 1705 malas
1203 1660 1343 1704 esse
1408 1637 1766 1724 opinemur,
1842 1638 2277 1705 dissimulatio
2341 1642 2449 1705 vel

427 1729 697 1813 oblivi03
755 1729 1071 1812 lacerant,
1133 1729 1397 1811 vexant,
1459 1726 1759 1792 stimulos
1824 1726 2196 1812 admovent,
2267 1727 2446 1813 ignis

427 1817 760 1900 adhibent,
803 1816 1121 1900 respirare
1164 1836 1299 1880 non
1345 1815 1585 1880 sinunt.
1656 1814 1747 1880 Et
1790 1818 1865 1880 tu
1901 1815 2195 1880 oblivisci
2239 1815 2451 1901 iubeS,

427 1906 597 1990 quod
644 1908 870 1970 contra
913 1906 1219 1969 naturam
1273 1905 1398 1988 est,
1450 1903 1587 1987 qui,
1638 1904 1803 1985 quod
1851 1924 1892 1968 a
1939 1906 2171 1968 natura
2217 1903 2445 1969 datum

2482 1140 2525 1177 1⁰

2476 1580 2514 1617 15

426 1996 551 2077 est,
597 1992 908 2058 auxilium
945 1995 1325 2076 extorqueas
1362 1992 1704 2057 inveterati
1743 1990 2029 2058 doloris?
2100 1990 2226 2057 Est
2271 1994 2447 2058 enim
2475 2021 2515 2057 20

424 2081 614 2146 tarda
657 2081 772 2145 illa
815 2078 1074 2163 quidem
1118 2080 1463 2166 medicina,
1508 2080 1620 2144 sed
1662 2082 1883 2145 tamen
1929 2099 2193 2165 magna,
2244 2101 2445 2164 quam

425 2167 636 2233 adfert
677 2166 1124 2252 longinquitas
1171 2171 1237 2232 et
1282 2167 1436 2233 dies.
1522 2166 1715 2232 Iubes
1761 2188 1865 2232 me
1915 2167 2090 2233 bona
2134 2169 2447 2253 cogitare,

423 2252 723 2321 oblivisci
766 2255 1104 2321 malorum.
1174 2253 1439 2321 Diceres
1477 2255 1749 2340 aliquid,
1796 2258 1861 2319 et
1894 2275 2133 2340 magno
2179 2257 2445 2341 quidem

421 2342 814 2428 philosopho
845 2342 1169 2445 dignum,
1233 2344 1291 2446 si
1354 2364 1434 2409 ea
1485 2344 1661 2409 bona
1712 2364 1851 2408 esse
1910 2342 2212 2428 sentireS,
2274 2366 2447 2430 quae

321 2496 404 2562 17
425 2431 963 2605 essessgtligsslffs
994 2432 1536 2585 {iffiisgimtlliceret
1583 2522 1698 2585 aut
1732 2517 2028 2587 Socrates
2076 2523 2191 2586 aut
2225 2520 2447 2587 Plato:

319 2574 387 2625 ³⁶
427 2607 623 2686 ‘Quid
671 2608 838 2675 iaces
879 2610 993 2673 aut
1036 2607 1190 2693 quid
1224 2628 1471 2673 maeres
1511 2611 1623 2673 aut
1666 2630 1779 2674 cur
1824 2608 2188 2674 succumbis
2236 2609 2445 2674 cedis—

424 2718 548 2781 que
592 2694 938 2762 fortunae?
994 2715 1157 2780 quae
1201 2696 1562 2780 pervellere
1605 2700 1673 2761 te
1716 2696 1999 2762 forsitan
2088 2696 2333 2762 otuerit
2378 2701 2448 2763 et

422 2804 734 2869 pungere,
776 2805 908 2849 non
952 2783 1168 2868 potuit
1213 2787 1385 2849 certe
1431 2785 1602 2849 vires
1646 2784 1965 2869 frangere.
2122 2804 2294 2869 agna
2339 2785 2440 2850 vis

2475 2461 2515 2499 25

425 2875 526 2937 est
577 2872 650 2935 in
704 2871 1079 2956 virtutibus3
1133 2892 1242 2937 eas
1290 2873 1529 2957 excita,
1584 2871 1640 2937 si
1682 2870 1851 2937 forte
1897 2871 2251 2957 dormiunt3
2305 2872 2441 2938 iam
2466 2898 2509 2939 so

422 2958 548 3023 tibi
604 2958 808 3023 aderit
859 2960 1159 3044 princeps
1214 2959 1559 3045 fortitudo,
1620 2980 1784 3044 quae
1844 2962 1913 3025 te
1974 2960 2193 3026 animo
2254 2962 2440 3026 tanto

424 3066 563 3111 esse
616 3049 832 3132 coget,
884 3050 960 3111 ut
1015 3047 1258 3129 omnia,
1324 3068 1487 3133 quae
1548 3048 1799 3133 possint
1854 3047 2106 3113 homini
2168 3050 2441 3133 evenire,

423 3135 796 3199 contemnas
862 3136 928 3198 et
987 3154 1108 3218 pro
1171 3135 1378 3201 nihilo
1441 3139 1661 3221 putes3
1724 3134 1931 3201 aderit
1990 3136 2439 3221 temperantia,

424 3242 588 3305 quae
644 3225 744 3287 est
798 3220 1023 3286 eadem
1067 3220 1454 3310 moderatio,
1512 3245 1553 3289 a
1596 3244 1699 3288 me
1745 3223 2003 3307 quidem
2044 3223 2244 3307 paulo
2291 3229 2438 3290 ante

423 3309 749 3391 'appellata
783 3308 1142 3393 frugalitaS,
1178 3331 1344 3393 quae
1380 3314 1446 3376 te
1481 3310 1761 3394 turpiter
1797 3314 1861 3376 et
1895 3311 2192 3396 nequiter
2225 3312 2436 3378 facere
2461 3336 2505 3377 a

421 3394 590 3459 nihil
643 3394 945 3478 patietur.
1044 3395 1211 3472 Quid
1267 3400 1367 3462 est
1420 3401 1637 3463 autem
1688 3399 1959 3482 nequius
2014 3402 2129 3466 aut
2184 3402 2437 3485 turpius

422 3481 806 3548 ecfeminato
868 3481 1054 3549 viro?
1157 3482 1258 3548 Ne
1322 3484 1576 3550 iustitia
1638 3486 1896 3571 quidem
1955 3485 2121 3553 sinet
2180 3490 2249 3553 te
2310 3488 2437 3554 ista
