2609 3884
648 138 782 193 LIB.
819 137 916 195 111.
971 135 1127 192 CAP.
1167 142 1409 192 14—16.
1466 142 1497 203 δ
1535 142 1779 192 30-34.
1830 190 1833 194 ,
2090 138 2223 204 369

199 300 593 384 accepimus.
661 298 810 365 Iure
848 302 1065 364 autem
1101 302 1240 364 erat
1282 319 1535 382 semper
1578 299 1753 366 idem
1798 300 2036 380 voltus,
2081 322 2227 366 cum

198 389 471 472 mentis,
518 410 560 452 a
592 409 719 472 qua
760 387 819 452 is
863 388 1158 472 fingitur,
1201 387 1387 452 nulla
1430 387 1615 452 fieret
1648 389 1939 453 mutatio.
2014 387 2226 464 Quare

199 475 456 560 accipio
502 474 798 560 equidem
851 497 891 540 a
925 474 1299 559 Cyrenaicis
1344 475 1505 540 haec
1550 496 1732 541 arma
1771 479 1998 540 contra
2043 497 2225 542 casus

201 567 271 628 et
305 567 595 648 eventus,
631 563 866 649 quibus
906 584 1128 628 eorum
1155 563 1569 628 advenientes
1604 564 1885 649 impetus
1923 564 2228 629 diuturna

144 677 174 718 ⁶
199 651 787 734 praemeditatione
849 651 1258 736 frangantur,
1334 650 1650 736 simulque
1711 651 1923 717 iudico
1985 653 2228 717 malum

201 739 370 805 illud
417 739 737 825 opinionis
774 761 914 804 6666
923 789 942 824 ,
983 760 1118 804 non
1151 742 1451 823 naturae3
1497 741 1555 804 si
1600 740 1773 805 enim
1818 741 1889 805 in
1927 762 1998 805 re
2034 743 2228 824 esset,

202 849 323 892 cur
365 827 595 893 fierent
635 829 900 911 provisa
941 825 1232 892 leviora?
1320 825 1447 892 Sed
1498 830 1623 912 est,
1668 827 1874 894 isdem
1920 827 1998 893 de
2033 828 2227 894 rebus
2264 842 2333 893 32

204 914 382 999 quod
421 914 548 981 dici
590 915 807 1000 possit
843 915 1176 1001 subtilius,
1219 915 1276 980 si
1310 916 1491 999 prius
1528 915 1795 1000 Epicuri
1836 916 2229 1006 sententiam

203 1002 584 1087 viderimus,
648 1003 761 1088 qui
825 1006 1045 1069 censet
1103 1023 1364 1069 11666666
1429 1025 1569 1070 6666
1625 1004 1835 1070 omnis
1893 1004 1966 1068 in
2020 1003 2230 1088 aegri-

121 1118 176 1158 ιο
203 1090 435 1156 tudine
473 1112 640 1176 esse,
684 1091 796 1176 qui
833 1113 902 1156 66
947 1092 1018 1156 in
1062 1091 1256 1156 malis
1293 1112 1434 1158 esse
1472 1092 1892 1174 arbitrentur,
1936 1092 2070 1158 sive
2114 1092 2230 1156 illa

205 1182 364 1242 ante
435 1179 700 1263 provisa
773 1182 840 1244 et
902 1182 1236 1264 expectata
1319 1179 1453 1244 sint
1518 1180 1655 1245 sive
1716 1179 2231 1245 inveteraverint.

202 1265 382 1332 Nam
423 1288 632 1352 neque
678 1269 1004 1332 vetustate
1048 1266 1256 1332 minui
1299 1268 1473 1332 mala
1515 1287 1634 1332 nec
1688 1267 1831 1332 fieri
1873 1267 2231 1352 praemedi-

203 1357 352 1419 tata
395 1355 666 1439 leviora,
711 1354 1106 1441 stultamque
1152 1355 1353 1420 etiam
1400 1376 1541 1420 esse
1595 1355 2088 1421 meditationem
2132 1355 2231 1420 fu-

204 1442 345 1508 turi
405 1442 564 1508 mali
628 1447 741 1508 aut
799 1441 1079 1508 fortasse
1136 1464 1219 1508 ne
1271 1442 1479 1507 futuri
1534 1443 1815 1527 quidem3
1870 1445 2032 1509 satis
2087 1464 2229 1508 esse

122 1557 177 1600 15
208 1529 512 1596 odiosum
538 1531 782 1596 malum
810 1552 1017 1615 omne,
1052 1553 1199 1597 cum
1232 1531 1540 1614 venisset3
1576 1531 1689 1614 qui
1726 1534 1941 1595 autem
1978 1551 2233 1613 semper

207 1618 632 1704 cogitavisset
695 1618 980 1684 accidere
1043 1639 1232 1702 posse
1297 1616 1545 1703 aliquid
1617 1618 1895 1701 adversi,
1968 1619 2028 1682 ei
2088 1617 2232 1683 fieri

205 1706 374 1771 illud
421 1706 884 1791 sempiternum
921 1707 1193 1790 malum3
1239 1706 1297 1770 si
1342 1726 1493 1771 vero
1529 1726 1612 1770 ne
1645 1705 1935 1770 futurum
1971 1705 2231 1790 quidem

208 1795 325 1878 sit,
369 1793 613 1860 frustra
658 1795 900 1879 suscipi
943 1794 1276 1860 miseriam
1322 1793 1782 1878 voluntariam3
1838 1793 1935 1858 ita
1979 1813 2233 1878 semper

210 1883 368 1968 angi
411 1886 525 1947 aut
571 1882 941 1967 accipiendo
990 1886 1105 1948 aut
1150 1882 1497 1968 cogitando
1545 1881 1737 1946 malo.
1812 1879 2232 1947 Levationem
2268 1895 2335 1946 33

124 1997 180 2038 ιο
212 1974 434 2036 autem
481 1971 904 2056 aegritudinis
949 1971 1020 2034 in
1065 1970 1315 2035 duabus
1359 1971 1551 2035 rebus
1596 1969 1810 2055 ponit,
1856 1969 2232 2035 avocatione

211 2081 252 2123 a
298 2058 649 2144 cogitanda
693 2058 998 2124 molestia
1034 2062 1101 2124 et
1135 2059 1542 2124 revocatione
1580 2057 1663 2123 ad
1699 2057 2233 2141 contemplandas

209 2148 602 2232 voluptates.
672 2146 907 2212 Parere
945 2147 1116 2212 enim
1163 2149 1383 2212 censet
1426 2147 1712 2212 animum
1756 2146 1997 2212 rationi
2040 2167 2233 2230 posse

212 2238 307 2320 et,
362 2257 490 2320 quo
545 2235 661 2300 illa
715 2235 936 2319 ducat,
990 2234 1189 2319 sequi.
1285 2232 1487 2300 Vetat
1538 2235 1739 2319 igitur
1781 2234 1949 2299 ratio
1996 2234 2235 2300 intueri

211 2322 569 2408 molestias,
605 2323 931 2388 abstrahit
967 2323 1048 2388 ab
1087 2322 1337 2388 acerbis
1376 2322 1900 2408 cogitationibus,
1934 2321 2236 2388 hebetem

129 2434 184 2478 85
207 2411 369 2492 facit
409 2411 615 2476 aciem
661 2411 743 2475 ad
789 2411 1084 2476 miserias
1121 2409 1678 2494 contemplandas3
1725 2432 1764 2475 a
1809 2411 2043 2496 quibus
2090 2432 2236 2476 cum

213 2499 450 2565 cecinit
510 2500 823 2585 receptui,
883 2498 1142 2584 inpellit
1204 2520 1462 2564 rursum
1522 2502 1588 2563 et
1647 2498 1881 2563 incitat
1945 2496 2027 2563 ad
2084 2519 2234 2562 con-

214 2587 576 2673 spiciendas
629 2591 897 2672 totaque
942 2589 1157 2653 mente
1203 2587 1693 2652 contrectandas
1752 2585 1963 2651 varias
2008 2585 2236 2669 volup—

211 2679 415 2754 tates,
477 2675 712 2760 quibus
774 2675 888 2740 ille
954 2678 1020 2740 et
1081 2675 1576 2759 praeteritarum
1631 2674 1947 2739 memoria
2002 2675 2067 2737 et
2124 2694 2235 2756 spe

215 2763 744 2848 consequentium
790 2762 1106 2848 sapientis
1151 2764 1355 2829 vitam
1400 2761 1707 2826 refertam
1750 2763 1955 2846 putat.
2057 2758 2238 2825 Haec

135 2876 189 2918 ιο
212 2855 439 2918 nostro
495 2872 673 2917 more
725 2873 846 2916 nos
903 2850 1208 2936 diximus,
1259 2848 1555 2933 Epicurii
1598 2848 1821 2914 dicunt
1873 2870 2011 2914 suo.
2110 2845 2237 2914 Sed

213 2960 380 3025 quae
427 2939 676 3024 dicant,
719 2938 1079 3024 videamus,
1125 2961 1251 3024 quo
1296 2938 1517 3023 modo,
1559 2938 1999 3023 neglegamus·
2260 2995 2340 3059 16

347 3026 677 3111 Principio
764 3027 936 3092 male
1024 3027 1505 3110 reprehendunt
1590 3024 2239 3109 praemeditationem
2275 3073 2339 3120 34

212 3136 430 3181 rerum
473 3115 856 3180 futurarum.
925 3113 1112 3179 Nihil
1150 3116 1250 3179 est
1286 3115 1488 3198 enim,
1533 3112 1703 3196 quod
1746 3117 1887 3178 tam
1924 3113 2241 3180 obtundat

215 3203 549 3288 elevetque
605 3203 1078 3288 aegritudinem
1131 3224 1327 3286 quam
1379 3204 1693 3287 perpetua
1746 3201 1816 3266 in
1868 3201 2047 3266 omni
2103 3201 2240 3265 vita

141 3315 190 3357 as
217 3291 529 3377 cogitatio
583 3290 751 3356 nihil
804 3311 973 3374 esse,
1027 3290 1194 3375 quod
1243 3310 1377 3355 non
1424 3289 1709 3355 accidere
1752 3290 1989 3372 possit,
2045 3308 2239 3374 quam

215 3379 552 3446 meditatio
607 3377 1006 3444 condicionis
1059 3379 1408 3456 humanae,
1462 3398 1657 3461 quam
1700 3377 1871 3441 vitae
1915 3377 2020 3440 lex
2066 3395 2238 3438 com·

215 3467 661 3553 mentatioque
704 3464 1002 3553 parendi,
1047 3487 1210 3551 quae
1245 3486 1381 3531 non
1422 3463 1547 3530 hoc
1584 3463 1821 3543 adfert,
1866 3467 1941 3528 ut
1986 3481 2240 3544 semper

318 3578 540 3621 oro.1v.
576 3581 612 3620 1.
1847 3569 1917 3618 24
2082 3580 2091 3588 ·
