2609 3884
241 190 383 246 LIB.
402 191 499 247 IV.
537 191 691 247 GAP.
713 197 798 248 38.
836 198 973 264 583,
993 199 1078 249 84.
1129 193 1265 248 LIB.
1285 194 1354 250 V.
1390 193 1557 251 ΑΒΘ.
1597 194 1751 262 CAP.
1775 202 1822 250 1.
1858 201 2065 262 §1-3.
2137 194 2275 259 425

245 351 598 407 demonstrat
631 351 905 407 virtutem
931 353 1153 408 efficere
1188 353 1474 408 hominem
1500 370 1614 408 non
1639 354 1820 408 solum
1845 355 2092 423 beatum,
2119 353 2272 423 quod

244 421 323 476 sit
357 421 564 477 Stoicis
601 439 730 478 cum
764 421 1105 478 Academiae
1140 423 1350 478 veteris
1394 423 1746 494 philosophis
1784 427 1844 480 et
1876 422 2044 494 Perip
2047 371 2274 480 a’teticis

244 508 564 560 commune,
605 493 705 547 sed
742 492 915 548 etiam
950 493 1341 548 beatissimum
1367 495 1504 548 vel
1487 511 1547 548 ιιι
1583 495 1833 550 cruciatu
1866 497 1924 550 et
1958 442 2274 562 tormentis,

245 564 398 632 quod
435 534 633 618 contra
678 562 870 618 dicant
913 563 1193 619 Platonici
1237 565 1297 618 et
1330 563 1719 634 Peripatetici,
1765 565 1860 634 qui
1904 564 2114 619 virtute
2152 563 2273 633 qui-

245 633 377 687 dem
411 634 641 688 beatam
683 632 865 688 vitam
909 650 1031 689 esse
1076 634 1445 703 contendant,
1493 635 1592 689 sed
1628 635 1947 690 accessione
1997 636 2274 691 bonorum

246 703 497 772 corporis
543 706 603 758 et
642 704 906 759 fortunae
940 703 1064 758 fieri
1106 705 1419 760 beatiorem
1455 706 1600 774 (cap.
1643 712 1785 760 14—
1720 709 1906 788 -28).
1977 706 2272 761 Postremo

246 773 522 828 subicitur
556 775 729 844 longa
767 773 853 828 dis
854 774 1104 844 putatio,
1141 792 1253 845 qua
1286 775 1452 829 initio
1481 792 1516 830 a
1541 775 1851 831 Platonicis
1888 777 1948 831 et
1981 775 2273 845 Peripate—

244 844 373 899 ticis
407 845 562 900 facto
601 845 942 914 ostenditur,
980 861 1091 914 quo
1126 845 1297 901 modo
1333 849 1400 900 ut
1436 847 1748 901 ceterorum
1785 847 2060 914 omnium,
2094 846 2180 901 ita
2211 847 2274 903 in

244 915 444 984 primis
480 915 885 984 Epicureorum
921 916 992 970 de
1029 915 1139 970 fine
1174 917 1450 971 bonorum
1485 916 1798 972 sententiae
1835 919 2273 973 consentaneum

244 986 411 1055 putet
446 985 729 1056 sapientes
765 1001 988 1055 semper
1019 985 1377 1042 beatissimos
1414 986 1600 1042 dicere
1636 990 1781 1057 (cap.
1819 993 1966 1043 29-
1900 990 2086 1058 -41).

380 1145 654 1223 Quintus
690 1116 805 1212 hic'
834 1146 1005 1232 dies,
1036 1147 1259 1233 Brute,
1294 1148 1492 1213 finem
1527 1149 1728 1214 faciet
1761 1149 2273 1215 Tusculanarum
2301 1051 2475 1233 ῃ

247 1235 789 1320 disputationum,
850 1257 977 1321 quo
1038 1236 1139 1300 die
1193 1240 1294 1302 est
1340 1259 1381 1300 a
1424 1237 1612 1302 nobis
1660 1258 1738 1302 ea
1791 1237 1870 1302 de
1923 1259 2020 1322 re,
2076 1259 2274 1321 quam

246 1326 321 1388 tu
366 1344 444 1388 ex
490 1324 793 1389 omnibus
841 1323 1121 1388 maxime
1166 1313 1433 1408 probas,
1489 1324 1908 1408 disputatum.
2005 1325 2274 1390 Placere

248 1411 419 1477 enim
456 1412 581 1476 tibi
618 1411 966 1477 admodum
1002 1412 1178 1477 sensi
1215 1415 1280 1476 et
1327 1432 1402 1476 ex
1441 1433 1528 1478 eo
1562 1413 1760 1496 libro,
1805 1434 1994 1498 quem
2041 1413 2123 1477 ad
2169 1434 2275 1479 me

193 1525 220 1564 ιι
249 1500 731 1565 accuratissime
777 1500 1123 1584 scripsisti,
1183 1502 1250 1564 et
1294 1521 1373 1564 ex
1417 1501 1641 1565 multis
1691 1501 2094 1565 sermonibus
2139 1501 2274 1565 tuis

243 1587 551 1653 virtutem
606 1588 689 1652 ad
740 1588 932 1654 beate
985 1587 1330 1652 vivendum
1386 1609 1454 1653 se
1507 1587 1654 1672 ipsa
1696 1609 1836 1653 esse
1883 1591 2274 1654 contentam.

246 1675 433 1753 Quod
490 1675 614 1741 etsi
668 1675 929 1742 difficile
984 1678 1084 1740 est
1134 1677 1416 1762 probatu
1466 1679 1735 1761 propter
1786 1680 1925 1740 tam
1978 1676 2165 1741 varia
2209 1679 2276 1740 et

244 1767 385 1829 tam
419 1765 631 1828 multa
673 1767 1001 1830 tormenta
1042 1765 1372 1848 fortunae,
1415 1765 1548 1829 tale
1589 1769 1810 1829 tamen
1856 1767 1981 1848 est,
2025 1767 2101 1828 ut
2144 1764 2272 1828 ela-

243 1850 610 1918 borandum
654 1853 770 1938 sit,
825 1874 953 1939 quo
1002 1851 1257 1918 facilius
1301 1852 1629 1936 probetur.
1717 1850 1904 1917 Nihil
1951 1856 2054 1917 est
2099 1852 2274 1917 enim

169 1966 220 2004 ιο
248 1940 565 2025 omnium,
610 1962 773 2025 quae
810 1941 881 2005 in
913 1940 1331 2025 philosophia
1365 1942 1757 2024 tractantur,
1797 1940 1972 2024 quod
2009 1939 2274 2024 gravius

246 2027 895 2114 magnificentiusque
954 2027 1219 2094 dicatur.
1327 2025 1501 2092 Nam
1561 2049 1706 2093 cum
1764 2050 1842 2093 ea
1899 2049 2094 2093 causa
2153 2027 2274 2093 im·
2311 2043 2352 2091 2

245 2117 491 2200 pulerit
525 2137 655 2202 008,
699 2116 811 2201 qui
847 2117 1042 2200 primi
1080 2139 1148 2182 se
1188 2116 1271 2180 ad
1304 2116 1760 2202 philosophiae
1799 2116 2086 2182 studium
2124 2136 2274 2180 con-

245 2205 564 2290 tulerunt,
629 2207 705 2270 ut
760 2206 1059 2270 omnibus
1122 2205 1316 2270 rebus
1379 2204 1778 2288 posthabitis
1840 2207 2018 2270 totos
2076 2225 2145 2268 se
2208 2204 2279 2269 in

248 2296 517 2376 optumo
570 2294 747 2359 vitae
802 2296 981 2359 statu
1034 2292 1426 2377 exquirendo
1489 2293 1925 2377 conlocarent,
1983 2292 2277 2377 profecto

172 2406 221 2446 15
250 2402 365 2466 spe
400 2380 590 2446 beate
624 2380 884 2446 vivendi
926 2384 1179 2446 tantam
1223 2381 1295 2446 in
1343 2403 1418 2446 eo
1467 2381 1681 2446 studio
1728 2401 1946 2445 curam
1986 2401 2276 2464 operam-

250 2491 375 2553 que
410 2472 781 2552 posuerunt.
844 2468 1091 2546 Quodsi
1120 2469 1202 2533 ab
1238 2469 1320 2534 iis
1357 2469 1622 2533 inventa
1652 2471 1720 2532 et
1755 2467 2045 2552 perfecta
2069 2467 2277 2532 virtus

250 2559 379 2642 est,
425 2560 493 2621 et
537 2558 595 2622 si
638 2557 945 2643 praesidii
982 2557 1062 2622 ad
1099 2556 1289 2621 beate
1335 2557 1683 2622 vivendum
1727 2555 1797 2621 in
1831 2555 2074 2620 virtute
2113 2555 2278 2619 satis

250 2648 379 2729 est,
436 2646 579 2730 quis
634 2648 765 2729 est,
815 2646 927 2729 qui
977 2667 1112 2710 non
1160 2644 1494 2729 praeclare
1547 2647 1615 2708 et
1668 2643 1751 2708 ab
1810 2643 1945 2707 illis
1989 2643 2276 2728 positam

250 2736 317 2798 et
343 2755 387 2798 a
409 2734 601 2799 nobis
640 2736 1005 2817 susceptam
1034 2754 1300 2817 operam
1337 2730 1846 2818 philosophandi
1881 2730 2276 2796 arbitretur?

171 2847 223 2886 ιο
252 2819 369 2886 Sin
404 2824 622 2887 autem
658 2821 865 2886 virtus
903 2821 1191 2887 subiecta
1230 2821 1352 2886 sub
1388 2820 1604 2886 varios
1643 2821 2048 2904 incertosque
2089 2840 2276 2884 casus

249 2908 497 2974 famula
549 2908 852 2975 fortunae
908 2912 1011 2974 est
1061 2931 1179 2975 nec
1233 2911 1568 2974 tantarum
1620 2909 1858 2973 virium
1910 2910 2037 2992 est,
2089 2910 2165 2973 ut
2207 2927 2278 2971 se

249 2997 395 3080 ipsa
430 3001 718 3081 tueatur,
752 3019 1009 3082 vereor,
1043 3019 1124 3062 ne
1159 3018 1294 3061 non
1329 3000 1468 3061 tam
1503 2997 1761 3062 virtutis
1797 2996 2034 3061 fiducia
2067 2995 2277 3060 niten-

250 3085 405 3150 dum
440 3086 631 3156 nobis
670 3085 752 3150 ad
788 3107 971 3171 spem
1015 3085 1205 3150 beate
1240 3084 1500 3151 vivendi
1545 3106 1740 3168 quam
1783 3088 1940 3150 vota
1981 3082 2277 3148 facienda

249 3173 603 3238 videantur.
689 3172 1010 3257 Equidem
1055 3194 1165 3238 eos
1213 3194 1430 3256 casuS,
1475 3173 1546 3236 in
1589 3172 1824 3257 quibus
1870 3193 1974 3236 me
2016 3169 2279 3236 fortuna
2314 3185 2350 3232 3

174 3287 224 3327 25
250 3261 669 3327 vehementer
706 3261 1029 3343 exercuit,
1061 3281 1314 3325 mecum
1351 3262 1491 3344 ipse
1527 3259 1942 3325 considerans
1987 3257 2138 3322 huic
2183 3258 2278 3322 in-

251 3349 422 3434 cipio
469 3349 826 3416 sententiae
875 3311 1165 3413 diffidere
1208 3348 1537 3413 interdum
1584 3351 1651 3413 et
1705 3346 1975 3412 humani
2021 3345 2278 3431 generis

250 3437 769 3503 imbecillitatem
842 3435 1398 3522 fragilitatemque
1477 3437 1910 3500 extimescere.
2030 3431 2280 3498 Vereor

252 3525 455 3612 enim,
498 3547 581 3590 ne
625 3528 887 3610 natura,
942 3546 1089 3590 cum
1134 3545 1407 3609 corpora
1449 3523 1642 3589 nobis
1690 3522 1951 3587 infirma
1996 3519 2280 3585 dedisset
