2609 3884
694 162 831 218 ΜΒ.
867 163 962 219 Ν.
1019 162 1172 217 OAP.
1215 169 1459 219 21—23.
1512 168 1543 230 ς
1582 169 1826 219 58—62.
2130 164 2270 229 225

245 325 428 407 ipsas
494 346 596 389 res
661 324 1081 389 conferamus.
1186 324 1327 390 Nec
1388 325 1514 390 hoc
1566 325 1677 389 ille
1730 348 1861 391 non
1914 326 2102 409 vidit,
2158 326 2267 391 sed

244 413 600 478 verborum
653 412 1137 496 magnificentia
1193 416 1292 477 est
1346 418 1412 477 et
1464 413 1673 499 gloria
1728 414 2111 497 delectatus3
2158 416 2268 499 qui

247 500 306 564 si
371 521 474 583 ea,
529 522 690 584 quae
746 500 926 584 dicit,
991 500 1086 565 ita
1140 502 1435 584 sentiret,
1498 504 1573 565 ut
1625 502 1826 566 verba
1881 503 2268 587 significant,

248 588 409 672 quid
463 589 636 653 inter
690 610 835 654 eum
889 591 956 652 et
1005 590 1108 653 vel
1152 588 1555 673 Pyrrhonem
1608 590 1712 654 vel
1756 589 2129 655 Aristonem
2173 590 2268 655 in-

182 701 216 741 5
246 676 574 741 ter-esset?
629 677 732 741 sin
787 678 1005 741 autem
1050 697 1160 741 eos
1213 698 1347 741 non
1391 677 1737 761 probabat,
1791 678 1944 761 quid
2000 678 2270 742 attinuit

249 786 401 827 cum
447 764 556 843 iis,
599 764 984 847 ‚quibuscum
1028 785 1097 828 re
1143 765 1551 848 concinebat,
1598 765 1813 829 verbis
1861 766 2267 849 discrepare?

249 852 449 936 Quid,
512 851 567 916 si
630 852 1022 917 reviviscant
1083 852 1379 917 Platonis
1450 853 1576 936 illi,
1648 856 1715 917 et
1787 853 2084 936 deinceps
2158 855 2268 938 qui
2304 867 2363 915 61

248 961 473 1003 eorum
538 939 865 1005 auditores
926 940 1215 1024 fuerunt,
1287 943 1355 1005 et
1423 944 1639 1014 tecum
1710 942 1807 1005 ita
1840 941 2266 1025 loquantur?

253 1026 418 1093 ‘Nos
476 1048 621 1091 cum
673 1031 764 1111 te,
820 1026 909 1092 M.
954 1026 1143 1109 Cato,
1199 1028 1743 1093 studiosissimum
1795 1029 2269 1115 philosophiae,

155 1141 218 1181 10
247 1115 683 1180 iustissimum
719 1116 958 1200 virum,
1005 1116 1325 1199 optimum
1360 1116 1664 1200 iudicem,
1708 1117 2267 1201 religiosissimum

245 1206 516 1286 testem,
578 1202 969 1287 audiremuS,
1028 1203 1330 1268 admirati
1385 1226 1604 1269 sumus
1613 1256 1633 1289 ,
1695 1205 1846 1289 quid
1902 1210 2100 1289 esset,
2155 1227 2268 1270 cur

245 1291 441 1356 nobis
489 1290 744 1357 Stoicos
793 1291 1142 1356 anteferres
1150 1342 1168 1376 ,
1216 1293 1329 1376 qui
1374 1292 1452 1357 de
1496 1294 1686 1357 rebus
1734 1293 1922 1359 bonis
1969 1296 2035 1357 et
2076 1294 2265 1359 malis

249 1379 570 1443 sentirent
613 1400 713 1458 ea,
760 1401 921 1463 quae
969 1380 1052 1444 ab
1098 1380 1223 1444 hoc
1259 1380 1609 1446 Polemone
1646 1379 1818 1445 Zeno
1862 1385 2269 1465 cognoverat,

245 1467 624 1531 nominibus
677 1470 1014 1531 uterentur
1064 1468 1146 1532 iis
1156 1517 1174 1547 ,
1228 1490 1392 1552 quae
1454 1468 1665 1552 prima
1720 1470 1933 1552 specie
1994 1469 2268 1534 admira-

159 1578 218 1620 15
248 1556 526 1637 tionem,
579 1576 648 1619 re
703 1555 1024 1639 explicata
1076 1556 1281 1620 risum
1335 1560 1684 1621 moverent.
1774 1556 1873 1621 Tu
1922 1560 2165 1640 autem,
2213 1558 2268 1621 si

247 1642 376 1707 tibi
437 1643 554 1706 illa
615 1643 1086 1727 probabantur,
1150 1664 1266 1707 cur
1325 1665 1460 1708 non
1522 1643 1801 1727 propriis
1872 1644 2090 1708 verbis
2153 1644 2269 1709 illa

245 1731 567 1795 tenebas?
605 1731 706 1795 sin
739 1733 807 1794 te
845 1731 1197 1797 auctoritas
1236 1733 1712 1815 commovebat,
1751 1732 2025 1797 nobisne
2062 1733 2267 1797 omni-

245 1820 374 1884 bus
431 1823 497 1882 et
540 1818 803 1884 Platoni
855 1819 986 1902 ipsi
1039 1820 1258 1885 nescio
1306 1840 1497 1904 quem
1548 1820 1735 1891 illum
1782 1820 2267 1904 anteponebas?

247 1906 638 1990 praesertim
683 1927 830 1971 cum
874 1908 944 1971 in
984 1928 1055 1971 re
1099 1908 1362 1991 publica
1404 1908 1705 1992 princeps
1754 1930 1893 1973 esse
1938 1908 2139 1973 velles
2188 1908 2271 1972 ad

163 2019 222 2059 ιο
254 2016 521 2078 eamque
573 1995 880 2058 tuendam
934 2017 1080 2059 cum
1140 2018 1393 2060 summa
1442 1999 1557 2060 tua
1611 1996 1929 2081 dignitate
1988 1996 2269 2061 maxime

251 2105 294 2147 a
348 2083 540 2146 nobis
596 2083 812 2147 ornari
867 2086 1061 2166 atque
1113 2083 1349 2149 instrui
1402 2104 1643 2167 posses·
1744 2084 1811 2148 A
1862 2084 2053 2149 nobis
2099 2085 2269 2148 enim

249 2170 384 2235 ista
444 2171 768 2254 quaesita,
832 2193 872 2235 a
931 2170 1123 2235 nobis
1186 2172 1539 2255 descripta,
1608 2174 1863 2257 notata,
1925 2177 2271 2256 praecepta

252 2260 432 2342 sunt,
479 2258 892 2342 omniumque
937 2281 1152 2323 rerum
1194 2260 1604 2343 publicarum
1656 2260 1961 2324 rectionis
2015 2281 2271 2345 genera,

250 2349 494 2431 statuS,
536 2346 955 2429 mutationes,
1011 2347 1196 2431 leges
1231 2350 1430 2413 etiam
1476 2350 1542 2411 et
1585 2347 1891 2412 instituta
1937 2368 2012 2412 ac
2056 2370 2269 2413 mores

162 2458 220 2501 25
251 2434 595 2499 civitatum
647 2435 1160 2519 perscripsimus·
1256 2435 1685 2520 Eloquentiae
1738 2456 1923 2516 ver0,
1985 2457 2149 2519 quae
2206 2439 2271 2499 et

248 2522 654 2606 principibus
691 2523 974 2587 maximo
1015 2526 1393 2588 ornamento
1433 2526 1560 2607 est,
1606 2527 1672 2587 et
1708 2545 1837 2607 qua
1872 2526 1937 2587 te
1976 2523 2269 2586 audimus

249 2609 470 2674 valere
507 2609 882 2693 plurimum,
927 2614 1240 2694 quantum
1277 2611 1401 2675 tibi
1447 2634 1525 2676 ex
1560 2610 1994 2675 monumentis
2029 2610 2271 2675 nostris

251 2696 677 2762 addidisses?
775 2698 877 2763 Ea
923 2720 1069 2763 cum
1123 2698 1463 2783 dixissent,
1522 2699 1675 2782 quid
1718 2698 1979 2764 tandem
2025 2697 2269 2763 talibus

247 2786 412 2850 viris
470 2785 939 2868 responderes?
1047 2786 1375 2872 Rogarem
1438 2791 1532 2868 te,
1593 2787 1829 2870 inquit,
1893 2790 1967 2851 ut
2029 2786 2269 2850 diceres
2310 2808 2374 2856 62

163 2898 222 2939 so
248 2894 371 2957 pro
428 2895 532 2937 me
584 2877 660 2937 tu
711 2874 908 2957 idem,
962 2874 1074 2958 qui
1132 2876 1264 2939 illis
1313 2875 1672 2941 orationem
1718 2874 2122 2956 dictavisseS,
2168 2874 2271 2938 vel

247 2961 466 3045 potius
521 2962 786 3045 paulum
839 2961 970 3027 loci
1023 2962 1210 3044 mihi,
1262 2964 1339 3026 ut
1391 2963 1471 3027 iis
1526 2963 2009 3048 responderem,
2068 2963 2272 3045 dareS,

248 3048 382 3113 nisi
443 3052 510 3112 et
570 3052 637 3113 te
693 3048 915 3114 audire
966 3071 1138 3114 nunc
1192 3050 1459 3115 mallem
1522 3053 1587 3113 et
1648 3051 1795 3114 istis
1859 3054 2079 3114 tamen
2142 3050 2269 3113 alio

249 3139 544 3220 tempore
578 3158 1009 3220 responsurus
1048 3159 1272 3223 essem,
1323 3141 1463 3202 tum
1501 3138 1765 3221 scilicet,
1815 3159 1960 3202 cum
2003 3138 2147 3203 tibi.
2184 3172 2269 3183 —

385 3225 629 3309 Atque,
693 3225 752 3289 si
813 3248 1034 3289 verum
1097 3226 1484 3309 respondere
1548 3224 1775 3309 velles,
1849 3224 2041 3310 Cato,
2111 3225 2270 3289 haec
2291 3230 2375 3293 23

167 3336 223 3378 ⁸5
253 3315 441 3376 erant
495 3311 791 3397 dicenda,
844 3335 974 3377 non
1022 3334 1130 3378 eos
1184 3314 1311 3378 tibi
1354 3336 1484 3379 non
1528 3313 1841 3397 probatos
1850 3362 1869 3397 ,
1926 3313 2127 3377 tantis
2172 3313 2269 3375 in-

251 3400 468 3482 geniis
521 3400 818 3465 homines
871 3404 1184 3485 tantaque
1239 3402 1653 3483 auctoritate,
1710 3401 1821 3465 sed
1872 3403 1939 3463 te
1986 3398 2270 3464 animad-

249 3488 550 3571 vertisse,
623 3510 782 3573 quas
845 3510 950 3553 res
1012 3490 1109 3556 illi
1171 3493 1439 3573 propter
1512 3489 1968 3572 antiquitatem
2040 3508 2269 3569 parum

359 3597 471 3640 010.
494 3598 578 3641 rv.
622 3595 1843 3643 1.15
