2609 3884
513 124 1053 183 ARGUMENTUM.
1107 126 1242 182 LIB.
1278 127 1375 182 111.
1432 128 1585 183 CAP.
1626 135 1676 186 1.
1730 135 1759 195 ὅ
1798 132 2250 197 1-3.171

214 284 496 353 quamvis
549 284 625 341 sit
679 284 869 355 miser,
925 284 1060 340 dum
1102 284 1270 339 modo
1328 284 1583 354 pluribus
1634 288 1984 345 naturalibus
2036 288 2255 344 fruatur

215 358 384 425 (cap.
435 356 540 423 18).
619 354 809 410 Liberi
853 372 890 411 a
931 355 1257 426 parentibus
1309 356 1515 411 natura
1566 359 1852 427 amantur,
1908 360 2078 427 atque
2124 359 2256 415 hinc

213 426 495 495 profecta
531 426 591 481 et
623 425 796 481 latius
831 442 1132 509 progressa
1175 424 1414 480 societas
1451 442 1643 482 omnes
1688 429 1941 485 homines
1978 430 2255 499 complec-

214 497 394 551 titur
486 495 728 551 Mundus
786 496 945 565 quasi
998 496 1306 551 communis
1360 498 1493 553 urbs
1548 500 1607 553 et
1658 498 1858 554 civitas
1910 500 2143 554 deorum
2196 502 2257 555 et

215 566 528 621 hominum
565 568 677 635 est,
715 567 872 621 cuius
909 584 1035 623 cum
1070 584 1212 622 unus
1249 566 1483 635 quisque
1518 569 1773 624 nostrum
1798 586 1931 639 pars
1966 570 2063 637 sit,
2102 586 2253 625 com-

218 637 421 691 munis
466 636 684 692 utilitas
729 639 954 693 nostrae
1000 636 1396 718 anteponenda
1439 639 1527 692 est
1564 640 1709 721 (cap.
1751 587 1853 709 191³).
1924 640 2145 695 Natura
2180 640 2255 723 ad

221 708 467 763 civilem
503 708 964 763 communitatem
1001 706 1285 763 coniuncti
1320 708 1380 761 et
1414 708 1719 764 consociati
1754 726 1967 777 sumus,
2011 710 2161 779 quod
2195 710 2256 764 ni

215 777 314 832 ita
353 779 528 847 esset,
563 794 668 833 nec
704 778 954 833 iustitiae
988 795 1092 833 nec
1126 777 1372 833 bonitati
1405 776 1565 833 locus
1610 781 1773 834 esset.
1846 780 1991 835 Huic
2027 796 2255 835 consen·

218 851 468 903 taneum
504 850 616 918 est,
650 849 719 902 ut
755 848 925 903 etiam
961 848 1181 917 sapiens
1223 864 1347 902 rem
1389 848 1677 918 publicam
1712 849 2079 906 administret.
2164 851 2254 905 Ad

218 920 384 973 hanc
445 891 737 973 hominum
801 918 1130 975 societatem
1193 919 1633 974 conservandam
1694 920 1943 1003 pertinet
1998 920 2255 1003 intellegi

221 989 617 1045 emolumenta
650 989 942 1045 hominum
977 991 1038 1043 et
1072 988 1415 1044 detrimenta
1450 992 1767 1073 communia
1812 1006 1934 1048 esse
1973 993 2032 1046 et
2036 992 2252 1073 paria3

222 1060 535 1115 commoda
587 1062 779 1115 autem
833 1063 893 1115 et
943 1058 1298 1115 incommoda
1349 1060 1666 1115 communia
1719 1065 1873 1130 sunt,
1928 1061 2089 1131 paria
2140 1079 2255 1116 non

222 1131 367 1183 sunt
401 1132 549 1200 (cap.
577 1136 725 1185 20-
660 1132 844 1199 -21).
911 1129 1203 1199 Amicitia,
1237 1130 1363 1183 tum
1396 1129 1615 1185 iustitia
1650 1134 1868 1187 ceterae
1873 1147 1980 1200 que
2014 1132 2252 1187 virtutes
2308 1188 2313 1193 ,

220 1216 337 1269 per
375 1216 460 1269 se,
505 1216 619 1255 non
660 1200 928 1255 utilitatis
965 1216 1134 1255 causa
1171 1172 1522 1269 expetuntur.
1595 1202 1748 1255 Inter
1790 1202 2027 1256 virtutes
2064 1204 2254 1257 autem

223 1270 411 1324 etiam
445 1242 757 1325 dialectica
807 1273 868 1325 et
909 1270 1146 1341 physica
1186 1272 1551 1325 numerantur
1594 1272 1735 1341 (cap.
1785 1278 1929 1326 21-
1866 1276 2051 1343 22.)
2150 1272 2253 1326 His

223 1340 506 1409 expositis
545 1340 682 1396 Cato
717 1357 1018 1411 personam
1055 1340 1350 1409 sapientie,
1393 1340 1575 1422 qualis
1603 1358 1639 1396 a
1668 1290 1870 1396 Stoicis
1904 1341 2251 1410 describitur,

223 1426 455 1481 semper
479 1411 650 1480 beati,
677 1411 968 1480 fortunati,
1006 1410 1214 1479 divitis,
1251 1409 1401 1481 regis
1437 1410 1656 1466 inducit
1691 1414 1750 1467 et
1777 1414 2011 1466 exornat
2046 1414 2113 1481 (c.
2143 1415 2251 1482 22).

369 1606 797 1690 Voluptatem
843 1606 1132 1690 quidem,
1175 1604 1404 1685 Brute,
1460 1606 1520 1671 si
1560 1606 1705 1690 ipsa
1748 1628 1867 1690 pro
1914 1627 1983 1671 se
2029 1605 2251 1689 loqua-
2291 1578 2327 1703 ἒ

225 1700 344 1760 tur
388 1715 508 1759 nec
551 1697 689 1758 tam
733 1693 1093 1777 pertinaces
1138 1692 1381 1759 habeat
1422 1697 1760 1777 patronos,
1805 1715 2253 1758 concessuram

229 1782 520 1847 arbitror
564 1780 925 1846 convictam
970 1781 1301 1865 superiore
1356 1781 1527 1845 libro
1575 1781 1901 1865 dignitati.
1990 1780 2253 1845 Etenim

232 1871 327 1935 sit
380 1869 746 1953 impudens,
801 1868 860 1933 si
912 1868 1141 1934 virtuti
1194 1868 1435 1933 diutius
1488 1872 1831 1952 repugnet,
1880 1871 1994 1933 aut
2039 1868 2097 1933 si
2139 1868 2254 1933 ho-

167 1985 200 2025 5
231 1958 440 2022 uestis
503 1957 782 2021 iucunda
843 1959 1200 2040 anteponat
1263 1960 1379 2021 aut
1429 1956 1635 2039 pluris
1699 1978 1837 2020 esse
1910 1956 2254 2021 contendat

236 2045 637 2110 dulcedinem
702 2044 990 2128 corporis
1056 2065 1134 2108 ex
1190 2065 1346 2108 eave
1401 2047 1626 2108 natam
1678 2043 2001 2109 laetitiam
2059 2065 2251 2127 quam

231 2132 624 2218 gravitatem
691 2132 890 2197 animi
963 2135 1155 2217 atque
1219 2131 1670 2196 constantiam.
1787 2130 1999 2208 Quare
2069 2131 2253 2195 illam

235 2220 493 2305 quidem
542 2219 946 2285 dimittamus
984 2225 1051 2285 et
1086 2220 1219 2284 suis
1256 2241 1327 2284 se
1360 2220 1597 2284 finibus
1644 2224 1863 2284 tenere
1899 2220 2254 2304 iubeamuS,

233 2330 316 2373 ne
371 2307 710 2373 blanditiis
757 2308 894 2372 eius
952 2307 1399 2391 illecebrisque
1444 2307 1835 2391 impediatur
1878 2306 2250 2390 disputandi

150 2425 208 2465 ιο
241 2396 568 2461 severitas.
666 2394 1113 2471 Quaerendum
1168 2398 1268 2459 est
1324 2394 1521 2478 enim,
1575 2394 1689 2459 ubi
1735 2394 1825 2459 sit
1866 2392 2032 2458 illud
2080 2416 2249 2459 sum·
2287 2407 2320 2456 2

238 2506 417 2548 mum
480 2484 750 2567 bonum,
815 2483 985 2567 quod
1055 2482 1338 2566 reperire
1410 2484 1708 2547 volumus
1718 2532 1736 2564 ‚
1808 2480 2112 2566 quoniam
2184 2486 2252 2547 et

239 2571 536 2654 voluptas
584 2571 666 2635 ab
714 2592 789 2634 eo
835 2573 1086 2636 remota
1131 2573 1260 2653 est,
1312 2572 1379 2634 et
1422 2570 1643 2634 eadem
1686 2569 1821 2633 fere
1868 2570 2094 2634 contra
2139 2590 2249 2634 eos

237 2659 366 2723 dici
417 2660 719 2742 possunt,
775 2658 885 2741 qui
942 2658 1334 2723 vacuitatem
1390 2657 1633 2722 doloris
1685 2658 1880 2722 finem
1934 2656 2252 2721 bonorum

237 2768 378 2811 esse
423 2746 792 2829 voluerunt3
847 2766 966 2810 nec
1010 2766 1161 2810 vero
1207 2746 1413 2810 ullum
1457 2745 1769 2829 probetur
1810 2748 2039 2826 oportet
2081 2766 2250 2809 sum-

156 2863 208 2903 15
238 2857 413 2900 mum
465 2835 736 2916 bonum,
794 2833 965 2917 quod
1017 2833 1258 2898 virtute
1324 2835 1562 2916 careat,
1628 2854 1754 2917 qua
1814 2832 1981 2897 nihil
2043 2833 2254 2916 possit

239 2944 381 2988 esse
423 2921 882 3005 praestantius,
967 2920 1195 3005 Itaque
1250 2941 1637 3005 quamquam
1690 2921 1761 2985 in
1814 2941 1891 2986 eo
1910 2942 2251 3022 sermone,

239 3010 352 3095 qui
403 3031 548 3075 cum
602 3008 933 3110 Torquato
990 3012 1090 3073 est
1143 3008 1434 3091 habitus,
1486 3030 1623 3073 non
1673 3008 1929 3073 remissi
1992 3008 2250 3092 fuimus,

237 3102 454 3162 tamen
505 3098 669 3161 haec
723 3097 933 3161 acrior
993 3100 1092 3160 est
1146 3117 1290 3160 cum
1338 3093 1570 3160 Stoicis
1628 3100 1861 3180 parata
1905 3096 2249 3160 contentio.

240 3184 414 3261 Quae
458 3184 628 3249 enim
675 3183 754 3248 de
808 3185 1143 3268 voluptate
1199 3183 1523 3267 dicuntur,
1576 3206 1654 3248 ea
1704 3206 1823 3249 nec
1877 3183 2249 3249 acutissime

162 3302 211 3341 ιο
239 3294 354 3337 nec
409 3272 782 3337 abscondite
842 3272 1268 3355 disseruntur3
1332 3292 1537 3355 neque
1602 3293 1801 3356 emm,
1864 3272 1975 3356 qui
2036 3270 2249 3335 defen-

243 3361 400 3425 dunt
444 3383 614 3445 eam,
661 3360 908 3425 versuti
952 3360 1024 3424 in
1070 3359 1437 3425 disserendo
1482 3364 1635 3424 sunt
1677 3380 1823 3443 nec,
1868 3360 1979 3443 qui
2024 3361 2250 3423 contra

242 3448 486 3533 dicunt,
529 3469 790 3514 causam
836 3447 1164 3513 difficilem
1208 3448 1549 3532 repellunt.
1651 3447 1800 3530 Ipse
1847 3446 2044 3510 etiam
2091 3445 2248 3508 dicit
2284 3463 2318 3511 3
