2609 3884
682 144 818 200 Lm.
856 145 926 203 H.
981 144 1138 202 cAP.
1175 150 1420 201 25-2-1.
1486 149 1517 211 s
1554 150 1799 202 εει-86.
1854 222 1859 227 ,
2127 146 2252 209 155

213 304 418 371 laude
465 305 792 373 amicitiae
838 305 1014 373 dicta
1059 310 1226 375 sunt.
1330 306 1394 374 N
1398 329 1484 374 on
1536 328 1801 393 quaero,
1854 307 2007 394 quid
2063 306 2253 391 dicat,

215 395 343 460 sed
407 394 564 479 quid
627 396 1079 461 convenienter
1149 396 1360 481 possit
1429 395 1673 463 rationi
1743 399 1810 460 et
1892 398 2253 462 sententiae

216 505 388 550 suae
432 482 659 549 dicere.
762 482 1112 550 ‘Utilitatis
1170 505 1365 549 causa
1419 484 1705 549 amicitia
1760 487 1861 549 est
1914 485 2227 569 quaesita.
2231 482 2251 511 '

212 569 405 639 Num
457 571 662 656 igitur
717 572 1047 637 utiliorem
1097 572 1222 638 tibi
1274 572 1447 639 hunc
1491 572 1819 637 Triarium
1871 577 2066 657 putas
2114 593 2252 645 esse

149 684 184 727 ε
217 680 421 745 posse
429 708 450 743 ‚
503 681 698 745 quam
751 660 808 726 si
861 663 976 725 tua
1029 661 1163 727 sint
1215 659 1505 727 Puteolis
1562 659 1909 747 granaria?
1994 658 2254 745 Collige

217 748 479 831 omnia,
545 769 710 832 quae
769 748 1022 814 soletis.
1096 747 1520 814 Praesidium
1578 749 1950 814 amicorum.
1954 747 1975 777 ⁹
2084 746 2254 813 Satis

219 840 332 901 est
383 836 508 900 tibi
561 836 630 901 in
674 838 767 919 te,
823 836 982 902 satis
1027 836 1098 901 in
1143 836 1432 923 legibus,
1488 837 1650 903 satis
1707 835 1775 901 in
1827 836 2255 903 mediocribus

219 923 537 991 amicitiis
591 923 929 1009 praesidii3
982 924 1114 991 iam
1159 926 1485 992 contemni
1528 946 1662 991 non
1704 925 1977 1010 poteris;
2037 923 2249 990 odium

218 1016 450 1078 autem
496 1015 563 1078 et
605 1011 920 1078 invidiam
961 1011 1154 1078 facile
1197 1013 1464 1098 vitabis3
1518 1013 1599 1078 ad
1647 1034 1757 1078 eas
1803 1013 1976 1078 enim
2021 1034 2124 1077 res
2172 1014 2255 1078 ab

123 1130 186 1169 ιο
217 1102 512 1185 Epicuro
559 1104 906 1184 praecepta
951 1100 1201 1167 dantur.
1272 1100 1366 1167 Et
1408 1106 1630 1167 tamen
1675 1104 1879 1166 tantiS
1923 1101 2255 1187 vectigali·
2336 1170 2345 1177 ,

217 1192 353 1255 bus
409 1187 490 1254 ad
543 1188 1004 1255 liberalitatem
1066 1192 1255 1255 utens
1320 1190 1519 1255 etiam
1592 1190 1728 1255 sine
1791 1189 1914 1255 hac
1968 1188 2257 1274 Pyladea

218 1276 544 1350 amicitia*
574 1277 927 1343 multorum
971 1281 1039 1342 te
1105 1275 1551 1343 benivolentia
1613 1278 1941 1362 praeclare
1990 1278 2254 1343 tuebere

217 1370 297 1431 et
343 1364 611 1431 munies.
698 1364 794 1431 At
836 1366 1094 1451 quicum
1139 1366 1282 1431 ioca
1328 1365 1524 1449 seria,
1567 1370 1643 1431 ut
1686 1366 1947 1449 dicitur,
1996 1362 2255 1450 quicum
2293 1380 2362 1429 85

221 1475 487 1537 arcana,
524 1454 780 1538 quicum
819 1454 1076 1519 occulta
1112 1453 1377 1519 omnia?
1449 1453 1692 1519 Tecum
1729 1454 1993 1537 optime,
2028 1453 2259 1519 deinde

127 1569 188 1611 ιε
221 1544 431 1608 etiam
495 1562 639 1607 cum
702 1540 1010 1607 mediocri
1075 1543 1298 1609 amico.
1409 1538 1534 1608 Sed
1587 1542 1690 1607 fac
1745 1542 1872 1607 ista
1926 1562 2066 1607 esse
2125 1562 2259 1606 non
2356 1588 2401 1607 .-

218 1633 628 1715 importuna3
665 1629 820 1715 quid
857 1630 941 1695 ad
976 1630 1330 1697 utilitatem
1365 1634 1591 1695 tantae
1628 1629 1984 1715 pecuniae?
2058 1628 2257 1693 Vides

218 1720 460 1806 igitur,
516 1719 574 1783 si
627 1718 982 1784 amicitiam
1037 1741 1154 1784 sua
1207 1718 1476 1784 caritate
1530 1719 1830 1802 metiare,
1891 1717 2057 1783 nihil
2118 1738 2257 1783 esse

220 1806 700 1895 praestantius,
756 1807 858 1872 sin
913 1808 1376 1891 emolumento,
1432 1828 1717 1873 summas
1778 1806 2258 1871 familiaritates

223 1896 644 1982 praediorum
696 1894 1175 1961 fructuosorum
1227 1894 1519 1961 mercede
1576 1895 1888 1979 superari.
1987 1892 2093 1957 Me
2140 1894 2259 1995 igi-

131 2014 192 2053 20
223 1992 341 2051 tur
400 1984 618 2069 ipsum
690 2004 864 2048 ames
937 1986 1223 2069 oportet,
1291 2004 1427 2048 non
1488 2004 1661 2069 mea,
1735 1984 1793 2048 si
1855 1982 1995 2048 veri
2068 1982 2262 2048 amici

225 2074 439 2138 futuri
484 2094 722 2137 sumus,

369 2158 493 2225 Sed
552 2160 622 2226 in
683 2160 873 2225 rebus
941 2160 1370 2244 apertissimis
1435 2160 1711 2227 nimium
1773 2159 1959 2244 longi
2024 2165 2362 2230 sumus.27

225 2248 528 2315 Perfecto
593 2248 766 2315 enim
839 2251 906 2313 et
977 2249 1280 2314 concluso
1352 2270 1561 2333 neque
1631 2248 1989 2313 virtutibus.
2054 2267 2262 2331 neque

229 2337 542 2403 amicitiis
585 2359 860 2421 usquam
905 2336 1120 2402 locum
1167 2357 1334 2420 esse,
1380 2337 1437 2403 si
1477 2336 1557 2402 ad
1593 2338 1998 2421 voluptatem
2042 2335 2262 2400 omnia

138 2453 198 2495 25
227 2425 620 2508 referantur,
673 2425 840 2489 nihil
893 2427 1232 2526 praeterea
1287 2427 1390 2489 est
1444 2445 1839 2509 magnopere
1904 2422 2262 2489 dicendum.

227 2514 334 2580 Ac
378 2516 626 2593 tamen,
680 2535 761 2578 ne
809 2513 914 2579 cui
961 2512 1103 2578 loco
1149 2534 1284 2578 non
1330 2512 1629 2579 videatur
1674 2534 1815 2578 esse
1859 2531 2262 2595 responsum,

230 2622 441 2688 pauca
487 2601 685 2667 etiam
723 2623 896 2667 nunc
942 2600 1152 2666 dicam
1189 2601 1272 2666 ad
1309 2602 1627 2687 reliquam
1665 2600 2028 2667 orationem
2062 2602 2279 2664 tuam.

215 2690 560 2767 Quoniam
614 2690 817 2774 igitur
869 2689 1078 2755 omnis
1135 2710 1391 2754 summa
1446 2688 1899 2774 philosophiae
1946 2687 2027 2752 ad
2073 2687 2262 2751 beate
2300 2698 2369 2748 86

229 2777 582 2845 vivendum
645 2777 947 2863 refertur,
1006 2777 1199 2863 idque
1260 2798 1463 2843 unum
1526 2779 1899 2861 expetentes
1964 2775 2263 2840 homines

143 2895 202 2935 ao
232 2889 307 2933 se
369 2866 450 2931 ad
502 2866 630 2931 hoc
683 2866 968 2931 studium
1023 2864 1463 2946 contulerunt,
1520 2867 1709 2931 beate
1769 2869 1986 2930 autem
2047 2865 2263 2930 vivere

231 2955 356 3021 alii
415 2954 486 3020 in
548 2954 705 3037 alio,
766 2975 883 3019 vos
946 2954 1015 3019 in
1076 2954 1415 3037 voluptate
1478 2954 1753 3038 ponitis,
1815 2953 1974 3019 item
2037 2957 2265 3019 contra

229 3043 570 3109 miseriam
633 3064 890 3109 omnem
960 3042 1032 3107 in
1107 3042 1356 3127 dolore,
1426 3041 1498 3107 id
1558 3042 1843 3127 primum
1914 3041 2267 3124 videamuS‚

229 3134 426 3197 beate
478 3132 697 3196 vivere
758 3135 1046 3197 vestrum
1102 3130 1294 3216 quale
1352 3130 1457 3198 sit.
1552 3132 1767 3216 Atque
1825 3130 1949 3196 hoc
2008 3128 2267 3213 dabitis,

232 3225 311 3286 ut
359 3220 620 3305 opinor,
665 3220 721 3310 si
769 3220 958 3286 modo
1005 3218 1094 3285 sit
1139 3218 1386 3303 aliquid
1432 3240 1571 3285 esse
1618 3221 1909 3303 beatum,
1964 3218 2031 3282 id
2078 3239 2267 3302 opor-

149 3334 206 3377 ⁸5
232 3313 378 3375 tere
414 3311 629 3373 totum
664 3308 820 3392 poni
855 3309 924 3373 in
960 3310 1286 3391 potestate
1325 3308 1657 3393 sapientis.
1744 3306 1918 3373 Nam
1960 3306 2017 3371 si
2055 3305 2268 3372 amitti

233 3398 374 3463 vita
417 3397 616 3461 beata
658 3400 900 3481 potest,
946 3396 1142 3461 beata
1187 3417 1507 3462 essenon
1550 3399 1785 3480 potest
1886 3393 2048 3471 Quis
2093 3393 2265 3457 enim

235 3484 506 3553 confidit
551 3506 804 3570 semper
849 3484 983 3550 sibi·
1021 3482 1184 3548 illud
1245 3484 1479 3549 stabile
1536 3488 1604 3549 et
1660 3482 1925 3549 firmum’
1973 3502 2263 3565 perman·
