2609 3884
371 142 506 208 264
693 143 790 198 DE
828 142 1118 199 FINIBUS
1153 142 1515 199 BONORUM
1549 144 1646 199 ΕΤ
1684 143 2051 200 MALORUM

369 310 559 371 tuens
604 304 859 370 iustitia
901 304 1164 388 dicitur,
1210 304 1314 370 cui
1361 308 1513 370 sunt
1556 306 1897 371 adiunctae
1932 307 2161 390 pietas,
2206 306 2386 371 boni-

265 404 278 417 *
369 396 502 476 tas,
571 392 960 476 liberalitas,
1031 392 1430 477 benignitas,
1502 394 1800 479 comitae,
1872 416 2161 479 quaeque
2234 398 2389 459 sunt

370 481 622 567 generis
690 482 992 546 eiusdem.
1106 480 1323 565 Atque
1386 480 1545 546 haec
1608 481 1703 545 ita
1764 481 2051 547 iustitiae
2122 504 2239 566 pro
2284 482 2390 546 ria

262 591 332 640 66
373 572 549 653 sunt,
601 572 677 634 ut
730 569 864 633 sint
916 569 1233 634 virtutum
1285 569 1681 653 reliquarum
1735 570 2117 636 communia.
2280 592 2389 633 am

371 680 518 723 cum
565 658 659 721 sic
701 656 985 721 hominis
1021 662 1256 722 natura
1301 661 1610 741 generata
1646 658 1758 742 sit,
1802 660 1877 724 ut
1918 657 2160 722 habeat
2203 656 2385 742 quid·
2415 683 2443 725 5

369 745 520 810 dam
591 744 955 851 ingenitum
1026 746 1211 830 quasi
1284 744 1473 809 civile
1540 749 1735 830 atque
1806 745 2145 831 populare,
2216 745 2387 830 quod

371 832 602 899 Graeci
637 828 983 899 πολιτικόν
1018 835 1272 917 vocant,
1308 833 1613 917 quicquid
1649 838 1801 919 aget
1835 855 2124 918 quaeque
2160 833 2386 917 virtus,

367 921 435 987 id
491 944 532 986 a
585 921 1045 987 communitate
1101 924 1168 985 et
1220 941 1326 1005 ea,
1383 942 1577 1005 quam
1631 922 1927 1024 exposui,
1986 922 2255 986 caritate
2308 942 2387 985 ac

371 1009 681 1077 societate
725 1009 1011 1074 humana
1043 1029 1181 1074 non
1217 1008 1622 1093 abhorrebit,
1665 1010 2075 1094 vicissimque
2116 1008 2387 1087 iustitia,

369 1100 446 1164 ut
491 1098 638 1180 ipsa
689 1095 919 1161 fundet
971 1118 1041 1161 se
1103 1118 1227 1161 usu
1287 1097 1358 1161 in
1422 1100 1667 1161 ceteras
1726 1098 2028 1181 virtutoe,
2086 1098 2181 1163 sic
2236 1096 2385 1161 illas
2416 1125 2464 1164 ιι

370 1188 644 1268 expetet.
737 1182 993 1249 Servari
1047 1184 1220 1249 enim
1273 1184 1529 1249 iustitia
1570 1184 1700 1250 nisi
1744 1208 1785 1250 a
1826 1185 1985 1251 forti
2028 1185 2198 1269 vim,
2254 1184 2388 1249 nisi

369 1296 410 1338 a
455 1272 743 1356 sapiente
787 1293 922 1338 non
964 1275 1200 1356 potest.
1289 1270 1512 1347 Qualis
1558 1276 1658 1337 est
1704 1273 1907 1357 igitur
1952 1273 2161 1338 omnis
2206 1272 2387 1356 haec,

370 1382 564 1445 quam
620 1360 790 1444 dico,
849 1360 1245 1444 conspiratio
1308 1381 1785 1445 consensusque
1848 1361 2191 1444 virtutum,
2250 1360 2386 1425 tale

371 1452 472 1513 est
531 1448 690 1514 illud
752 1449 966 1532 ipsum
1027 1450 1399 1533 honestum,
1461 1449 1978 1533 quandoquidem
2037 1447 2386 1515 honestum

371 1540 484 1601 aut
528 1536 673 1621 ipsa
710 1536 918 1601 virtus
956 1539 1058 1601 est
1093 1539 1208 1601 aut
1242 1558 1347 1601 res
1389 1539 1575 1621 gesta
1608 1537 1877 1619 virtute;
1921 1536 2155 1621 quibus
2191 1536 2385 1601 rebus
2417 1562 2468 1605 ιε

372 1624 507 1690 vita
579 1624 988 1690 consentiens
1060 1624 1539 1709 virtutibusque
1610 1625 2001 1709 respondens
2072 1627 2251 1689 recta
2321 1627 2391 1688 et

367 1713 643 1778 honesta
697 1714 764 1776 et
815 1714 1118 1777 constans
1174 1715 1240 1776 et
1291 1716 1563 1777 naturae
1610 1733 1969 1797 congruens
2030 1711 2390 1788 existimari

266 1820 332 1869 67
371 1803 604 1885 potest.
694 1801 907 1884 Atque
961 1799 1122 1863 haec
1175 1799 1541 1865 coniunctio
1600 1800 2016 1884 confusioque
2072 1799 2393 1864 virtutum

366 1893 589 1953 tamen
661 1912 699 1952 a
769 1887 1180 1971 philosophis
1250 1887 1505 1952 ratione
1582 1887 1860 1971 quadam
1944 1887 2390 1971 distinguitur.

366 1976 540 2043 Nam
604 1996 750 2039 cum
804 1976 901 2039 ita
953 1976 1292 2059 copulatae
1347 1996 1749 2059 conexaeque
1813 1976 1970 2059 sint,
2022 1978 2099 2039 ut
2162 1995 2388 2039 omnes
2420 2003 2474 2042 εει

370 2064 660 2129 οιιιιιιιιιιι
714 2062 1060 2146 participes
1117 2064 1249 2127 sint
1303 2083 1423 2127 nec
1470 2062 1597 2127 alia
1642 2063 1725 2127 ab
1772 2064 1902 2127 alia
1946 2062 2158 2146 possit
2203 2083 2390 2147 sepa-

368 2152 527 2234 rari,
579 2155 799 2215 tamen
851 2151 1187 2236 proprium
1241 2172 1430 2215 suum
1486 2150 1794 2235 cuiusque
1847 2172 2080 2215 munus
2127 2154 2253 2232 est,
2314 2154 2391 2216 ut

366 2238 683 2303 fortitudo
756 2239 826 2303 in
896 2237 1228 2303 laboribus
1300 2238 1726 2323 periculisque
1812 2242 2146 2322 cernatur,
2225 2242 2391 2302 tem-

367 2326 666 2410 perantia
727 2326 798 2390 in
860 2324 1448 2410 praetermittendis
1508 2326 1983 2410 voluptatibus,
2044 2325 2391 2410 prudentia

367 2414 438 2479 in
474 2413 714 2479 dilectu
748 2414 1069 2478 bonorum
1106 2416 1172 2478 et
1207 2414 1552 2497 malorum,
1596 2413 1853 2479 iustitia
1878 2413 1955 2478 'in
1994 2435 2109 2479 suo
2157 2414 2389 2498 cuique
2420 2440 2474 2481 25

365 2502 732 2567 tribuend0.
823 2501 1089 2578 Quando
1144 2501 1349 2586 igitur
1400 2502 1572 2566 inest
1612 2502 1683 2566 in
1728 2501 1907 2567 omni
1948 2501 2187 2566 virtute
2234 2522 2391 2567 cura

223 2660 243 2671 κ
369 2591 684 2675 quaedam
722 2589 912 2674 quasi
953 2588 1132 2655 foras
1179 2592 1481 2674 spectans
1518 2590 1807 2691 aliosque
1844 2592 2157 2673 appetens
2194 2592 2391 2674 atque

370 2680 832 2763 complectens,
891 2677 1148 2743 exsistit
1203 2677 1389 2763 illud,
1447 2680 1523 2742 ut
1582 2678 1800 2761 amici,
1855 2680 1933 2743 ut
1988 2676 2223 2743 fratres
2230 2727 2250 2762 ,
2313 2680 2394 2743 ut

368 2766 743 2853 propinqui,
805 2769 882 2832 ut
943 2766 1196 2851 affineS,
1258 2770 1335 2829 ut
1402 2765 1601 2849 civeS,
1670 2768 1748 2830 ut
1818 2786 2039 2831 omnes
2113 2764 2394 2850 denique

369 2852 704 2940 (quoniam
760 2876 956 2920 unam
1019 2854 1398 2920 societatem
1459 2853 1797 2919 hominum
1860 2875 1999 2919 esse
2062 2851 2394 2954 volumus)
2422 2881 2477 2921 so

367 2946 635 3026 propter
680 2964 748 3007 se
794 2942 1134 3026 expetendi
1179 2943 1330 3007 sint.
1399 2941 1605 3025 Atqui
1642 2962 1865 3007 eorum
1899 2941 2067 3006 nihil
2102 2944 2206 3006 est
2251 2941 2395 3007 eius

261 3048 330 3101 68
369 3031 647 3115 generis,
700 3032 776 3094 ut
833 3030 922 3093 sit
973 3029 1044 3093 ιιι
1096 3030 1222 3093 fine
1269 3034 1462 3113 atque
1518 3032 1802 3094 extremo
1857 3028 2397 3097 bonorum.1ta

364 3117 468 3200 fit,
513 3120 588 3181 ut
632 3117 758 3181 duo
806 3137 1049 3202 genera
1092 3120 1358 3219 propter
1404 3138 1472 3182 se
1509 3116 2013 3201 expetendorum
2056 3117 2397 3202 reperian-

365 3208 500 3285 tur,
547 3226 773 3287 unum,
819 3203 989 3288 quod
1036 3204 1189 3269 est
1170 3227 1238 3268 ιιι
1273 3205 1382 3284 iis,
1428 3205 1499 3268 ιιι
1542 3205 1775 3289 quibus
1814 3205 2176 3307 completur
2218 3204 2397 3269 illud

368 3294 752 3373 extremum,
813 3312 975 3375 quae
1041 3294 1194 3355 sunt
1249 3296 1365 3358 aut
1420 3293 1620 3358 animi
1672 3296 1786 3359 aut
1838 3292 2162 3377 corporis3
2227 3292 2396 3357 haec
2422 3318 2475 3359 35

369 3381 614 3477 autem,
679 3399 842 3460 quae
905 3382 1058 3443 sunt
1118 3379 1543 3465 extrinsecuS‚
1618 3380 1686 3444 id
1750 3384 1852 3445 est
1912 3402 2075 3465 quae
2137 3402 2259 3445 nec
2320 3380 2397 3445 ιιι

365 3464 584 3530 animo
631 3464 853 3531 insunt
887 3487 1093 3551 neque
1129 3466 1200 3530 in
1236 3488 1533 3551 corpore,
1578 3470 1653 3532 ut
1688 3468 1905 3553 amici,
1948 3472 2026 3533 ut
2069 3470 2395 3552 parentes³
