2609 3884
621 199 756 266 ΜΒ.
793 210 862 267 V.
919 208 1074 267 OAP.
1117 215 1361 267 10—12.
1417 213 1449 276 s
1488 215 1733 267 30—36.
2065 210 2197 276 437

50 346 52 385 ἒ
163 372 468 457 pateticis
515 371 769 437 dicere?
857 371 1023 437 Rem
1070 371 1244 435 enim
1291 371 1523 455 opinor
1563 372 1843 455 spectari
1884 376 2199 459 oportere,

50 556 52 559 ’
163 461 566 614 „ozihel-'33⁶
597 548 854 633 quidem
910 546 1174 612 tabellis
1220 546 1591 632 obsignatis
1646 548 1789 633 agis
1834 569 2087 613 mecum
2135 552 2201 615 et
2234 560 2305 609 38

50 636 52 709 ἶ
163 636 574 721 testificaris,
648 635 800 721 quid
868 634 1140 700 dixerim
1203 634 1552 719 aliquando
1629 640 1744 700 aut
1813 636 2201 721 scripserim.-

49 722 52 807 ζ
106 751 134 791 ⁵
165 723 335 791 Cum
372 726 520 789 aliis
564 725 697 789 isto
733 724 954 807 modo,
1001 723 1113 807 qui
1157 723 1414 807 legibus
1461 722 1791 807 impositis
1838 723 2201 808 disputant3

50 824 52 889 j
163 835 289 878 nos
325 813 398 877 in
437 813 606 877 diem
641 812 952 895 vivimu23
991 810 1437 896 quodcumque
1464 814 1727 877 nostros
1765 812 2015 878 animos
2052 834 2199 878 nro-

50 912 52 989 j
165 900 510 966 habilitate
572 900 918 984 percussit,
989 898 1058 964 id
1122 898 1424 985 dicimus,
1496 901 1717 985 itaque
1786 900 1914 965 soli
1978 922 2199 965 sumus

50 1002 52 1073 j
131 989 374 1059 vliberi.
472 987 716 1054 Verum
768 990 1017 1071 tamen,
1075 987 1384 1071 quoniam
1439 987 1517 1053 de
1576 989 1947 1054 constantia
2000 988 2199 1072 paulo

50 1092 52 1155 2
166 1080 320 1143 ante
368 1077 679 1160 diximus,
724 1097 859 1141 non
897 1096 1018 1160 ego
1063 1074 1189 1141 hoc
1236 1076 1378 1141 loco
1425 1075 1495 1141 id
1540 1075 1977 1161 quaerendum
2020 1080 2203 1160 puto,

50 1168 474 1243 {roverumne
549 1166 665 1247 sit,
742 1163 915 1249 quod
985 1162 1232 1229 Zenoni
1299 1164 1621 1248 placuerit
1691 1164 1987 1249 quodque
2060 1164 2199 1229 eius

50 1268 52 1337 j
169 1252 454 1318 auditori
498 1252 825 1335 Aristoni,
878 1252 1123 1317 bonum
1171 1271 1309 1317 esse
1355 1252 1593 1336 solum,
1640 1252 1810 1335 quod
1853 1251 2202 1318 honestum

49 1356 52 1435 ζ
170 1344 370 1420 esset,
425 1339 561 1418 sed,
619 1340 675 1404 si
729 1341 825 1404 ita
879 1341 1079 1422 esset,
1131 1341 1174 1421 †
1226 1342 1368 1404 tum
1422 1344 1498 1405 ut
1554 1343 1767 1404 totum
1824 1340 1951 1405 hoc
2009 1340 2201 1405 beate

50 1446 52 1509 ξ
167 1428 387 1493 vivere
429 1428 502 1493 ιιι
537 1448 669 1493 una
703 1428 942 1493 virtute
977 1431 1267 1511 poneret.
1343 1426 1556 1505 Quare
1602 1428 1827 1493 demus
1870 1428 1997 1493 hoc
2043 1449 2199 1492 sane
2236 1438 2307 1489 34

168 1516 411 1600 Bruto,
452 1517 529 1581 ut
573 1516 662 1580 sit
704 1516 938 1580 beatus
985 1536 1240 1598 semper
1293 1516 1582 1602 sapiens3
1637 1537 1830 1600 quam
1878 1515 2005 1580 sibi
2050 1536 2202 1581 con-

50 1625 140 1687 [15
169 1605 418 1688 veniat,
480 1605 622 1688 ipse
685 1603 944 1687 viderit3
1008 1602 1220 1689 gloria
1275 1603 1535 1687 quidem
1589 1603 1782 1668 huius
1846 1603 2202 1669 sententiae

172 1693 318 1777 quis
366 1696 466 1757 est
509 1692 628 1758 illo
675 1691 818 1757 viro
866 1690 1170 1777 dignior?
1249 1690 1392 1757 Nos
1439 1694 1663 1757 tamen
1706 1695 2070 1775 teneamus,
2127 1694 2204 1760 ut

50 1802 52 1811 ¹
171 1781 261 1846 sit
304 1780 474 1847 idem
519 1780 954 1846 beatissimus.

300 1868 420 1953 Et,
473 1870 530 1933 si
586 1868 758 1933 Zeno
814 1866 1088 1951 Citieus,
1148 1866 1397 1933 advena
1450 1866 1713 1951 quidam
1767 1870 1834 1931 et
1886 1866 2197 1952 ignobilis
2220 1871 2305 1935 12

171 1958 516 2022 verborum
579 1956 824 2041 opifex,
894 1955 1262 2022 insinuasse
1322 1975 1393 2019 se
1454 1955 1528 2020 in
1591 1955 1926 2039 antiquam
1988 1954 2201 2038 philo-

91 2066 146 2107 ιο
175 2044 474 2129 sophiam
517 2044 800 2129 videtur,
843 2043 1038 2109 huius
1087 2042 1448 2108 sententiae
1495 2042 1784 2127 gravitas
1831 2066 1871 2107 a
1907 2042 2202 2108 Platonis

175 2133 556 2197 auctoritate
609 2135 970 2217 repetatur,
1033 2129 1206 2215 apud
1263 2150 1459 2215 quem
1516 2151 1707 2215 saepe
1762 2131 1925 2195 haec
1988 2131 2200 2196 oratio

175 2222 494 2303 usurpata
520 2222 637 2302 est,
672 2222 746 2283 ut
769 2219 938 2285 nihil
971 2222 1227 2304 praeter
1253 2219 1563 2284 virtutem
1594 2218 1913 2285 diceretur
1938 2218 2203 2285 bonum.

173 2306 376 2372 Velut
417 2308 490 2373 in
527 2304 770 2392 Gorgia
807 2305 1136 2391 Socrates,
1180 2329 1328 2372 cum
1366 2311 1539 2373 esset
1576 2329 1654 2372 ex
1692 2329 1767 2373 eo
1815 2307 2201 2392 quaesitum,

174 2394 592 2480 Archelaum,
635 2395 980 2460 Perdiccae
1024 2395 1280 2479 filium,
1304 2395 1416 2481 qui
1460 2398 1601 2461 tum
1644 2395 2198 2461 fortunatissimus

93 2505 147 2547 25
174 2484 548 2567 haberetur,
584 2484 796 2549 nonne
831 2484 1096 2548 beatum
1131 2485 1421 2567 putaret,
1464 2481 1686 2548 Haud
1724 2484 1912 2565 scio,
1960 2482 2201 2568 inquit3
2234 2501 2303 2551 35

173 2594 581 2655 numquam
626 2572 822 2637 enim
869 2592 1034 2637 cum
1080 2592 1163 2634 eo
1217 2570 1677 2636 conlocutus
1716 2592 1892 2636 sum.
1932 2606 2011 2617 —-
2051 2569 2199 2645 Ain

173 2658 301 2725 tu?
355 2660 596 2724 aliter
649 2659 726 2724 id
772 2659 974 2725 scire
1018 2679 1168 2724 non
1221 2658 1485 2742 potes?
1533 2694 1611 2705 —-
1668 2658 1907 2725 Nullo
1960 2658 2199 2724 modo.

177 2783 260 2794 —
333 2746 442 2812 Τιι
513 2747 760 2832 igitur
829 2768 920 2812 ne
993 2746 1078 2811 de
1148 2745 1555 2815 Persarum
1639 2746 1941 2831 quidem
2018 2766 2199 2831 rege

174 2855 447 2937 magno
499 2838 722 2919 potes
777 2834 1058 2919 dicere,
1114 2834 1491 2900 beatusne
1549 2834 1698 2901 sit?
1752 2868 1837 2881 —
1897 2832 2013 2899 An
2058 2854 2197 2918 ego

93 2946 148 2987 80
173 2945 490 3007 poss1m
546 2943 708 2988 cum
761 2923 1134 3008 ignorem,
1190 2945 1413 3009 quam
1471 2923 1575 2990 sit
1621 2922 1918 3006 doctus,
1976 2943 2197 3006 quam

115 3024 123 3072 ;
173 3012 289 3076 vir
331 3011 623 3077 bonus?
662 3048 745 3059 -
791 3011 1031 3089 Quid?
1075 3014 1160 3076 tu
1203 3012 1282 3077 in
1327 3031 1413 3076 eo
1460 3012 1691 3076 sitam
1734 3010 1976 3077 vitam
2020 3010 2196 3075 bea-

173 3102 324 3163 tam
357 3098 632 3184 putas‘?
671 3135 755 3146 —
792 3100 914 3166 Ita
947 3120 1268 3184 prorsus
1309 3098 1702 3182 existimo,
1736 3099 1981 3165 bonos
2017 3098 2195 3163 bea-

171 3189 320 3271 tos,
377 3186 772 3269 improbos
826 3188 1172 3253 miseros.
1236 3222 1312 3235 —
1374 3186 1612 3253 Miser
1669 3207 1851 3272 ergo
1912 3183 2195 3251 Arche-

171 3273 385 3340 laus?
431 3310 516 3321 —
564 3271 816 3359 Certe,
871 3275 938 3340 si
990 3275 1351 3341 iniustus.
1400 3310 1481 3321 -
1529 3273 1888 3340 Videturne
1938 3292 2195 3338 omnem

93 3386 146 3427 35
171 3364 278 3428 hic
319 3364 582 3429 beatam
615 3362 821 3426 vitam
865 3363 937 3427 in
980 3384 1110 3429 una
1144 3364 1389 3428 virtute
1424 3361 1710 3446 ponere?
1783 3359 1953 3438 Quid
1994 3358 2193 3425 vero?
2230 3379 2304 3429 36

172 3450 242 3515 in
301 3449 660 3535 Epitaphio
725 3470 854 3535 quo
917 3449 1108 3516 modo
1172 3449 1390 3515 idem?
1503 3446 1599 3515 N
1610 3471 1725 3515 am
1789 3448 1911 3514 cui
1972 3446 2196 3531 viro'‚

171 3538 406 3623 inquit,
471 3538 592 3604 ‘ex
657 3559 734 3604 se
795 3538 966 3623 ipso
1032 3542 1215 3622 apta
1279 3542 1458 3604 sunt
1522 3538 1802 3623 omnia,
1857 3558 2049 3621 quae
2105 3498 2197 3600 ad
