2609 3884
367 203 502 269 426
766 201 1365 260 TUSCULANARUM
1403 201 2008 258 DISPU'I'ATIONUM

368 366 577 452 iisque
635 369 702 431 et
753 366 1018 431 morbos
1086 364 1470 430 insanabilis
1526 368 1593 428 et
1650 364 1905 430 dolores
1965 365 2412 430 intolerabilis

371 454 795 539 adiunxisset,
852 453 1104 519 animos
1159 474 1417 539 quoque
1470 451 1722 518 dederit
1772 456 1842 518 et
1884 474 2232 536 corporum
2294 453 2409 520 do

366 543 617 609 loribus
683 542 1097 628 congruentis
1161 545 1229 607 et
1290 540 1647 624 separatim
1710 540 1846 606 suis
1915 541 2272 626 angoribus
2340 544 2409 607 et

298 643 333 692 4
368 631 691 696 molestiis
754 630 1139 715 implicatos.
1246 627 1373 694 Sed
1435 629 1506 694 in
1567 629 1691 694 hoc
1752 650 1858 693 me
1917 630 2062 713 ipse
2123 629 2403 715 castigo,

285 1568 327 1694 σιω

290 3288 323 3338 6

368 720 541 822 quod
596 740 673 783 ex
728 719 1003 784 aliorum
1057 720 1124 784 et
1176 739 1254 782 ex
1296 720 1523 782 nostra
1563 715 1846 782 fortasse
1898 717 2208 802 mollitia,
2265 740 2402 784 non
2427 743 2454 784 ⁵

367 829 446 872 ex
480 808 628 891 ipsa
662 807 922 890 virtute,
957 806 1036 871 de
1062 805 1327 872 virtutis
1363 805 1598 870 robore
1636 804 1977 871 existumo.
2039 804 2170 890 Illa
2206 805 2400 890 enim,

365 896 427 962 si
470 895 663 961 modo
697 898 801 960 est
836 857 973 960 ulla
1007 894 1244 978 virtus,
1288 915 1484 977 quam
1521 892 1996 960 dubitationem
2038 883 2399 960 avunculus

365 986 546 1067 tuus,
588 982 819 1066 Brute,
866 982 1156 1061 sustulit,
1202 983 1446 1066 omnia,
1492 1003 1656 1066 quae
1693 980 1922 1047 cadere
1960 982 2032 1047 in
2065 981 2399 1048 hominem

364 1074 670 1156 possunt,
716 1071 942 1135 subter
986 1091 1055 1134 se
1109 1069 1310 1135 habet
1353 1090 1554 1154 eaque
1609 1069 1967 1154 despiciens
2012 1091 2200 1136 casus
2247 1093 2395 1136 con-

362 1159 601 1223 temnit
670 1158 993 1222 humanos
1065 1158 1380 1243 culpaque
1444 1157 1625 1222 omni
1695 1179 1921 1224 carens
1993 1162 2256 1242 praeter
2326 1181 2397 1224 se
2425 1185 2474 1224 ιο

362 1247 577 1330 ipsam
622 1246 790 1311 nihil
825 1249 1047 1310 censet
1090 1247 1173 1311 ad
1218 1268 1287 1311 se
1323 1247 1666 1330 pertinere.
1737 1244 1880 1312 Nos
1915 1251 2135 1312 autem
2173 1247 2398 1313 omnia

364 1334 637 1400 adversa
664 1350 837 1400 ‘cum
887 1334 1216 1399 venientia
1271 1337 1450 1399 metu
1503 1336 1844 1418 augenteS,
1895 1337 2039 1399 tum
2099 1356 2395 1400 maerore

362 1423 733 1506 praesentia
805 1443 1022 1488 rerum
1092 1426 1395 1486 naturam
1466 1443 1660 1506 quam
1739 1443 2024 1488 errorem
2093 1426 2396 1489 nostrum

364 1511 673 1577 damnare
716 1511 1057 1577 malumus.

499 1597 625 1664 Sed
668 1602 736 1664 et
778 1599 972 1664 huius
1018 1599 1247 1683 culpae
1293 1601 1361 1663 et
1402 1601 1762 1664 ceterorum
1806 1600 2114 1666 vitiorum
2165 1621 2387 1683 pecca-
2421 1626 2467 1665 15

362 1691 707 1772 torumque
776 1690 1149 1753 nostrorum
1221 1686 1432 1751 omnis
1507 1709 1548 1752 a
1617 1686 2042 1772 philosophia
2107 1687 2394 1772 petenda

364 1777 678 1841 correctio
724 1779 842 1840 est.‘
917 1773 1117 1840 Cuius
1162 1774 1233 1839 in
1276 1775 1490 1839 sinum
1534 1796 1683 1841 cum
1727 1796 1768 1839 a
1811 1775 2040 1860 primis
2083 1777 2394 1861 tempori-

362 1864 486 1928 bus
542 1863 780 1928 aetatis
832 1867 1063 1928 nostra
1111 1863 1418 1928 voluntas
1475 1863 1885 1948 studiumque
1938 1885 2060 1930 nos
2125 1883 2392 1948 compu-

361 1951 550 2016 iisset
558 2001 576 2035 ,
619 1951 723 2016 1118
772 1950 1178 2037 gravissimis
1224 1951 1483 2016 casibus
1527 1951 1598 2016 in
1642 1952 1916 2016 eundem
1959 1955 2250 2036 portum,
2313 1973 2392 2016 ex

362 2060 490 2122 quo
554 2060 809 2104 eramus
874 2039 1143 2132 egressi,
1204 2059 1447 2124 magna
1506 2038 1736 2104 iactati
1794 2043 2182 2123 tempestate
2241 2061 2390 2106 con·
2417 2067 2469 2107 ιο

360 2127 669 2210 fugimus.
769 2125 823 2191 O
876 2126 1051 2191 vitae
1106 2125 1528 2210 philosophia
1582 2126 1736 2211 dux,
1790 2149 1830 2193 o
1886 2127 2150 2194 virtutis
2210 2128 2389 2194 inda-

361 2214 579 2299 gatrix
652 2213 1103 2298 expultrixque
1172 2213 1512 2279 vitiorum!
1579 2177 1736 2299 quid
1795 2237 1930 2281 non
1991 2215 2186 2281 modo
2249 2237 2392 2296 nos,

364 2301 476 2365 sed
523 2301 785 2366 omnino
842 2301 981 2366 vita
1026 2301 1365 2365 hominum
1411 2302 1548 2366 sine
1602 2306 1670 2368 te
1717 2324 1858 2369 esse
1900 2303 2267 2388 potuisset?
2315 2265 2392 2370 111

362 2389 544 2454 urbis
598 2389 939 2474 peperisti,
991 2392 1067 2454 tu
1122 2388 1473 2474 dissipatos
1525 2390 1823 2458 homines
1877 2393 1948 2457 in
2011 2392 2390 2459 societatem

358 2477 537 2544 vitae
602 2477 999 2562 convocasti,
1068 2480 1146 2542 111
1208 2498 1320 2543 eos
1383 2478 1556 2544 inter
1619 2501 1688 2544 se
1749 2479 1962 2563 primo
2023 2480 2388 2566 domiciliis,
2413 2506 2463 2548 25

362 2566 592 2632 deinde
620 2566 961 2652 coniugiis,
994 2569 1137 2630 tum
1168 2566 1538 2632 litterarum
1569 2570 1637 2632 et
1669 2589 1901 2633 vocum
1935 2569 2388 2636 communione

360 2653 656 2738 iunxisti,
708 2659 783 2720 tu
836 2653 1161 2720 inventrix
1213 2653 1462 2739 legum,
1514 2657 1589 2719 tu
1640 2656 1960 2741 magistra
2013 2677 2270 2722 morum
2323 2661 2387 2724 ct

363 2741 744 2824 disciplinae
787 2743 1000 2829 fuisti3
1047 2741 1129 2807 ad
1171 2745 1239 2806 te
1285 2742 1721 2828 confugimus,
1774 2765 1816 2810 a
1867 2747 1940 2809 te
1984 2765 2176 2829 opem
2227 2746 2385 2829 peti-

360 2849 534 2913 mus,
595 2830 724 2895 tibi
774 2852 925 2915 nos,
986 2834 1063 2896 ut
1115 2833 1308 2895 antea
1359 2851 1601 2916 magna
1655 2852 1734 2896 ex
1789 2835 2003 2916 parte,
2063 2833 2158 2898 sic
2213 2853 2384 2898 nunc

360 2918 622 3000 penitus
664 2920 968 3003 totosque
1014 2918 1350 2984 tradimus.
1421 2918 1548 2985 Est
1584 2922 1799 2985 autem
1833 2941 2002 2985 unus
2049 2921 2186 2986 dies
2223 2921 2382 2986 bene
2409 2946 2460 2988 so

339 3007 429 3082 =et
464 3026 543 3070 ex
586 3027 817 3088 praece
862 3006 949 3069 tis
982 3007 1115 3071 tuis
1154 3010 1336 3072 actus
1373 3007 1669 3090 peccanti
1707 3007 2173 3074 inmortalitati
2210 3013 2382 3074 ante-

358 3093 714 3176 ponendus.
858 3093 1004 3157 uiue
1057 3094 1259 3178 igitur
1312 3095 1534 3178 potius
1591 3095 1824 3180 opibus
1877 3100 2140 3161 utamur
2192 3118 2382 3182 quam

359 3181 523 3265 11118,
569 3201 732 3264 quae
778 3183 845 3244 et
887 3180 1061 3244 vitae
1104 3182 1650 3266 tranquillitatem
1693 3182 1936 3269 largita
1966 3185 2158 3250 nobis
2203 3205 2277 3250 es
2319 3189 2384 3251 et

359 3269 676 3332 terrorem
738 3267 969 3332 mortis
1034 3269 1404 3335 sustulisti?
1492 3271 1592 3336 Ac
1651 3270 2072 3356 philosophia
2123 3273 2384 3357 quidem

358 3357 618 3418 tantum
674 3353 861 3418 abest
910 3358 986 3420 ut
1035 3356 1339 3441 proinde,
1403 3379 1479 3424 ac
1541 3359 1620 3423 de
1682 3359 2023 3425 hominum
2087 3364 2189 3427 est
2251 3361 2384 3426 vita
2406 3386 2454 3427 35

359 3440 622 3523 merita,
684 3441 1009 3526 laudetur,
1072 3446 1149 3508 ut
1210 3465 1251 3508 a
1311 3445 1635 3530 plerisque
1696 3448 1996 3533 neglecta
2058 3471 2099 3512 a
2161 3449 2382 3514 multis

226 3583 235 3590 .
358 3525 561 3590 etiam
586 3527 1005 3612 vituperetur.
1059 3530 1446 3613 Vituperare
1472 3534 1814 3619 quisquam
1840 3535 2011 3601 vitae
2045 3539 2383 3620 parentem
