2609 3884
659 175 794 231 LIB.
831 176 928 232 1v.
986 175 1139 230 cAP.
1181 182 1274 246 14,
1314 182 1398 231 15.
1455 182 1485 243 ς
1522 182 1767 232 36—42.
1968 183 1972 185 ·
2103 176 2237 242 217

203 358 409 421 quam
464 341 703 403 vocant
757 331 1002 423 ὁρμήν,
1056 338 1341 422 itemque
1394 337 1708 422 officium,
1770 338 1982 422 ipsam
2037 342 2237 407 etiam

205 426 523 491 virtutem
576 426 808 491 volunt
865 447 1006 491 esse
1061 447 1283 491 earum
1350 447 1593 509 rerum,
1657 448 1821 511 quae
1886 430 2235 494 seeundum

203 516 518 579 naturam
556 517 724 579 sunt.
789 511 955 579 Cum
993 518 1209 579 autem
1247 514 1329 579 ad
1368 536 1693 580 summum
1727 514 1971 581 bonum
2009 518 2238 582 volunt

205 602 577 686 pervenire,
632 602 1011 669 transiliunt
1064 603 1282 668 omnia
1337 605 1405 668 et
1458 602 1584 668 duo
1629 602 1819 667 nobis
1866 625 2061 688 opera
2116 626 2237 688 pro

153 717 180 757 ⁵
208 711 344 756 uno
420 689 818 776 relinquunt,
889 693 966 755 ut
1023 691 1155 756 alia
1220 712 1585 775 sumamus,
1649 691 1781 756 alia
1844 695 2239 777 expetamuS‚

209 782 435 863 potius
484 801 678 864 quam
723 801 853 845 uno
898 778 1026 845 fine
1070 782 1416 863 utrumque
1462 778 1937 845 concluderent.

346 867 440 931 At
502 867 674 931 enim
741 868 945 949 [nam]
1005 866 1218 933 dicitis
1273 867 1581 933 virtutem
1634 890 1766 933 non
1829 889 2021 952 posse
2086 891 2235 935 eon·
2261 840 2348 967 ἒξ

211 955 430 1041 stitui,
477 956 533 1020 si
570 976 670 1039 ea,
708 977 872 1040 quae
911 960 1094 1020 extra
1127 955 1435 1020 virtutem
1472 956 1633 1039 sint,
1676 955 1755 1020 ad
1793 956 1981 1023 beate
2018 957 2236 1023 viven-

213 1043 372 1109 dum
424 1044 810 1127 pertineant.
909 1042 1095 1119 Quod
1147 1046 1362 1109 totum
1416 1047 1643 1109 eontra
1703 1048 1819 1110 est.
1908 1044 2240 1112 Introduei

14 1106 16 1185 l
134 1159 186 1198 ιο
213 1132 389 1197 enim
426 1132 633 1197 virtus
671 1133 850 1197 nullo
887 1132 1078 1197 modo
1115 1134 1363 1216 potest,
1407 1132 1539 1197 nisi
1576 1133 1817 1217 omnia,
1863 1154 2029 1217 quae
2064 1134 2242 1219 leget

211 1241 504 1305 quaeque
549 1220 801 1304 reiciet,
854 1242 1051 1286 unam
1093 1220 1451 1285 referentur
1498 1219 1581 1285 ad
1639 1242 1975 1287 summam.
2062 1221 2239 1288 Nam

210 1308 272 1375 si
317 1310 366 1395 †
413 1308 671 1374 omnino
715 1331 838 1375 nos
883 1309 1331 1393 neglegemus,
1375 1308 1447 1372 in
1482 1307 1833 1374 Aristonea
1877 1310 2041 1377 vitia
2083 1310 2239 1375 inei-

213 1396 441 1463 demus
497 1399 564 1461 et
625 1401 894 1480 peecata
948 1396 1551 1481 obliviscemurque,
1608 1418 1772 1480 quae
1825 1398 2056 1464 virtuti
2112 1399 2241 1484 ipsi

14 1464 19 1559 1
213 1484 534 1569 principia
598 1484 990 1570 dederimus3
1056 1484 1161 1550 sin
1223 1505 1301 1550 ea
1352 1506 1486 1550 non
1548 1484 1968 1569 neglegemus
2030 1507 2239 1571 neque

138 1598 188 1639 1⁵
214 1577 436 1638 tamen
482 1573 563 1639 ad
608 1574 804 1638 finem
851 1573 1085 1637 summi
1139 1572 1296 1638 boni
1351 1572 1730 1656 referemus,
1782 1594 1920 1637 non
1963 1574 2239 1637 multum

218 1662 300 1727 ab
339 1661 533 1727 Erilli
569 1662 838 1728 levitate
877 1661 1339 1727 aberrabimus».
1415 1660 1706 1725 Duarum
1745 1662 1919 1725 enim
1954 1661 2239 1727 vitarum

216 1750 407 1815 nobis
465 1752 654 1815 erunt
706 1750 1014 1815 instituta
1069 1749 1397 1834 capienda.
1484 1747 1674 1813 Facit
1717 1748 1891 1812 enim
1949 1748 2063 1813 ille
2111 1749 2239 1815 (luo

221 1838 513 1902 seiuncta
570 1838 803 1904 ultima
855 1838 1202 1922 bonorum,
1259 1858 1425 1921 quae
1469 1838 1545 1902 ut
1590 1838 1807 1901 essent
1849 1858 2031 1920 vera,
2090 1858 2239 1902 eon·

220 1924 404 2010 iungi
438 1925 822 2009 debuerunt3
859 1947 1032 1993 nune
1066 1926 1162 1990 ita
1199 1927 1607 2009 separantur,
1643 1927 1718 1990 ut
1753 1923 2045 1990 diiuncta
2088 1926 2239 2009 sint,

143 2040 194 2080 so
221 2035 342 2099 quo
395 2014 564 2079 1111111
619 2018 840 2100 potest
885 2036 1027 2079 esse
1079 2013 1466 2097 perversius.
1555 2010 1785 2096 Itaque
1840 2016 2067 2079 eontra
2122 2017 2237 2097 est,
2273 2026 2339 2079 41

223 2123 294 2167 ae
357 2102 598 2186 dicitis3
661 2123 814 2167 nam
877 2102 1186 2168 constitui
1250 2102 1456 2166 virtus
1508 2100 1688 2165 nullo
1745 2100 1940 2166 modo
2004 2104 2239 2186 potest,

215 2190 346 2255 nisi
383 2212 484 2274 ea,
530 2212 694 2276 quae
732 2193 884 2255 sunt
916 2190 1128 2274 prima
1169 2192 1466 2272 naturae,
1511 2191 1587 2254 ut
1622 2188 1705 2253 ad
1742 2210 2062 2255 summam
2098 2212 2240 2274 per-

221 2278 495 2344 tinentia
537 2278 804 2345 tenebit.
894 2277 1205 2354 Quaesita
1249 2278 1446 2363 enim
1465 2277 1675 2342 virtus
1721 2280 1853 2363 est,
1898 2299 2033 2343 non
2078 2299 2239 2361 quae

221 2366 614 2451 relinqueret
654 2369 984 2451 naturam,
1039 2365 1152 2431 sed
1207 2387 1370 2451 quae
1428 2368 1736 2430 tueretur.
1826 2365 1919 2430 At
1969 2366 2114 2449 illa,
2168 2369 2243 2430 ut

14 2506 20 2545 '
147 2479 198 2521 ²⁵
223 2452 1945 2645 223521013532ffigssffiffffifflssffsssffsszffarssfflffi
1982 2453 2241 2624 1ῗέἒὲἐὲ

223 2632 467 2715 primos
532 2653 683 2697 suos
748 2630 934 2716 quasi
999 2632 1262 2716 coeptus
1327 2628 1671 2714 appetendi
1730 2627 1962 2711 fuisse,
2035 2631 2109 2691 ut
2172 2649 2242 2692 se

225 2721 634 2785 conservaret
669 2719 740 2785 in
774 2740 850 2785 ea
882 2723 1144 2803 natura,
1188 2718 1259 2783 in
1295 2740 1423 2803 qua
1462 2722 1641 2784 ortus
1678 2718 1863 2781 esset.
1932 2714 2240 2781 Nondum

227 2811 440 2873 autem
505 2803 923 2891 explanatum
987 2806 1147 2873 satis
1213 2810 1386 2889 erat,
1450 2804 1602 2891 quid
1666 2804 1945 2869 maxime
2006 2807 2244 2870 natura

149 2921 202 2963 so
228 2895 438 2960 vellet.
518 2894 926 2979 Explanetur
968 2895 1191 2980 igitur.
1265 2893 1434 2971 Quid
1480 2913 1635 2979 ergo
1683 2892 1857 2957 aliud
1900 2892 2240 2978 intellege·

227 2986 357 3066 tur,
410 2983 542 3049 nisi
595 2984 692 3049 uti
745 3002 828 3049 ne
884 3004 1047 3069 quae
1104 3004 1256 3067 pars
1310 2986 1583 3047 naturae
1636 2980 2065 3082 neglegatur?
2167 2979 2247 3046 In

230 3093 354 3157 qua
409 3070 469 3136 si
509 3070 680 3137 nihil
725 3074 827 3137 est
878 3075 1138 3155 praeter
1181 3070 1531 3153 rationem,
1582 3069 1672 3134 sit
1713 3069 1785 3134 in
1828 3091 1959 3134 una
2001 3068 2245 3135 virtute

229 3158 372 3225 finis
426 3159 772 3246 bonorum3
828 3160 931 3225 sin
987 3162 1087 3225 est
1133 3159 1331 3225 etiam
1377 3178 1638 3242 eorpus,
1689 3156 1819 3221 ista
1869 3156 2245 3241 explanatio

229 3250 496 3314 naturae
549 3268 780 3332 nempe
825 3247 952 3314 hoe
996 3247 1309 3330 effecerit,
1352 3248 1428 3311 ut
1471 3266 1575 3329 ea,
1626 3266 1788 3328 quae
1836 3248 1985 3310 ante
2033 3244 2247 3329 expla-

143 3361 207 3409 ,⁸5
229 3336 553 3401 nationem
598 3337 1003 3419 tenebamus,
1047 3335 1503 3418 relinquamus·
1600 3332 1778 3417 Ergo
1836 3332 1904 3396 id
1950 3337 2051 3397 est
2096 3353 2244 3397 con·

231 3424 560 3490 venienter
595 3428 866 3489 naturae
902 3423 1146 3506 vivere,
1193 3444 1231 3487 a
1273 3425 1511 3486 natura
1556 3419 1899 3486 discedere.
1969 3418 2064 3485 Ut
2107 3418 2244 3501 qui-
2282 3434 2353 3483 42

232 3510 376 3577 dam
447 3510 856 3597 philosophi,
929 3533 1074 3577 eum
1149 3532 1188 3575 a
1265 3508 1559 3574 sensibus
1639 3506 1917 3591 profecti
1997 3506 2246 3569 maiora
