2609 3884
410 157 539 221 102
739 155 837 211 DE
872 152 1164 211 FINIBUS
1199 152 1562 209 BONORUM
1594 150 1690 207 ET
1726 150 2087 207 MALORUM

405 318 666 384 habeat.
735 315 910 382 Nam
946 316 1005 382 si
1040 314 1519 393 concederetur,
1565 313 1820 379 etiamsi
1860 312 1943 379 ad
1986 334 2219 397 corpus
2255 312 2417 377 nihil

405 406 749 485 referatur,
791 406 925 470 ista
969 426 1090 469 sua
1133 406 1379 487 sponte·
1414 405 1483 467 et
1522 422 1639 485 per
1673 422 1741 466 se
1782 422 1921 467 esse
1967 400 2265 503 iucunda,
2307 423 2420 485 per

409 515 479 560 se
523 497 700 560 esset
743 496 812 558 et
831 484 1049 559 virtus
1085 497 1154 557 et
1186 489 1477 576 cognitio
1510 511 1755 573 rerum,
1798 488 1968 575 quod
2002 489 2267 553 minime
2310 489 2420 554 ille

303 596 375 647 26
409 582 575 667 vult,
631 581 1003 667 expetenda.
1089 579 1272 646 Haec
1313 578 1515 663 igitur
1555 576 1819 662 Epicuri
1860 599 1995 643 non
2033 577 2272 661 probo,
2325 578 2422 643 in-

409 692 624 755 quam.
720 668 820 735 De
873 672 1089 735 cetero
1133 666 1368 734 vellem
1422 666 1716 769 equidem
1762 669 1875 730 aut
1924 665 2065 749 ipse
2108 664 2422 731 doctrinis
2444 689 2475 730 5

408 760 646 824 fuisset
712 757 1098 823 instructior
1165 753 1303 842 (est
1370 756 1570 838 enim,
1618 753 1803 855 quod
1870 753 1995 819 tibi
2064 753 2159 819 ita
2218 754 2427 819 videri

407 866 670 913 necesse
725 848 852 925 est,
903 867 1040 911 non
1093 844 1257 909 satis
1310 842 1553 927 politus
1610 842 1697 907 iis
1750 841 2023 925 artibus,
2086 862 2249 926 quas
2313 842 2427 925 qui

407 937 661 1017 tenent,
715 932 951 998 eruditi
1005 928 1449 1017 appellantur)
1504 933 1619 995 aut
1657 950 1740 995 ne
1802 928 2216 995 deterruisset
2260 930 2427 995 alios

411 1044 454 1088 a
497 983 750 1086 studiis.
849 1019 1255 1106 Quamquam
1308 1022 1378 1084 te
1431 1017 1687 1104 quidem
1742 1017 1931 1084 video
1974 1017 2241 1083 minime
2284 1039 2430 1083 esse

411 1110 808 1175 deterritum.
2453 1132 2505 1171 10

335 1204 378 1269 8
546 1195 730 1273 Quae
783 1218 930 1262 cuin
983 1195 1323 1279 dixissem,
1374 1196 1585 1280 magis
1638 1197 1715 1259 ut
1758 1194 1945 1259 illum
1986 1214 2431 1279 provocarem,

411 1306 605 1368 quam
648 1287 726 1349 ut
767 1284 907 1369 ipse
949 1285 1274 1369 loquerer,
1316 1287 1459 1348 tum
1502 1282 1789 1348 Triarius
1832 1282 2065 1347 leniter
2106 1281 2433 1347 arridens.

411 1372 509 1437 Tu
568 1371 854 1458 quidem,
905 1372 1148 1458 inquit,
1197 1374 1414 1437 totuin
1464 1370 1817 1455 Epicurum
1866 1390 2073 1454 paene
2128 1390 2165 1434 e
2216 1369 2433 1452 philo-

413 1460 768 1544 sophorum
829 1460 1026 1527 choro
1089 1460 1428 1525 sustulisti.
1534 1458 1704 1535 Quid
1768 1458 1827 1523 ei
1886 1456 2238 1543 reliquisti,
2301 1457 2433 1522 nisi

409 1551 504 1632 te,
551 1568 808 1636 quoquo
843 1547 1039 1613 modo
1075 1548 1477 1633 loqueretur,
1510 1546 1911 1632 intellegere,
1952 1545 2106 1631 quid
2142 1545 2430 1611 diceret?
2458 1570 2507 1611 ιι

411 1599 649 1702 Al'iena
701 1626 868 1702 dixit
915 1636 988 1701 ιιι
1040 1635 1332 1720 physicis
1383 1656 1504 1700 nec
1557 1656 1637 1699 ea
1675 1634 1846 1719 ipsa,
1902 1655 2067 1718 quae
2110 1633 2237 1698 tibi
2281 1655 2431 1717 pro·

412 1725 748 1808 barentur3
826 1723 883 1789 si
944 1745 1072 1807 qua
1132 1726 1204 1788 ιιι
1262 1724 1347 1789 iis
1412 1723 1733 1807 corrigere
1803 1722 2033 1806 voluit,
2104 1721 2435 1799 deteriora

410 1811 592 1898 fecit3
668 1812 1024 1877 disserendi
1097 1814 1303 1876 artem
1371 1811 1622 1879 nullam
1694 1809 1950 1896 habuit3
2014 1771 2433 1893 voluptatem

413 1922 561 1966 cum
631 1921 956 1965 summum
1019 1899 1263 1964 bonum
1326 1898 1591 1983 diceret,
1661 1898 1943 1982 primum
2002 1897 2073 1963 ιιι
2138 1919 2218 1963 eo
2282 1898 2443 1981 ipso

409 2008 642 2071 parum
695 1986 883 2071 vidit,
937 1986 1164 2052 deinde
1216 1986 1343 2053 hoc
1396 2008 1651 2072 quoque
1702 1986 2011 2068 alienum3
2064 1996 2224 2051 nam'
2278 1990 2432 2050 ante
2458 2012 2507 2051 ιο

412 2074 818 2174 Aristippus,
881 2077 948 2138 et
1005 2074 1120 2140 illo
1183 2076 1431 2140 melius.
1538 2074 1864 2139 Addidisti
1926 2072 2009 2139 ad
2068 2076 2434 2139 extremum

308 2183 378 2233 27
415 2161 611 2226 etiam
665 2161 999 2227 indoctum
1049 2162 1269 2228 fuisse.
1365 2162 1566 2247 Fieri,
1618 2163 1911 2247 inquam,
1955 2160 2193 2246 Triari,
2248 2162 2431 2227 nullo

411 2252 606 2333 pacto
651 2253 895 2333 potest,
948 2253 1024 2317 ut
1065 2273 1200 2317 non
1243 2250 1443 2336 dicas,
1498 2250 1653 2335 quid
1702 2272 1837 2315 non
1878 2246 2115 2333 probes
2160 2248 2330 2333 eius,
2390 2272 2433 2315 a

412 2358 540 2421 quo
587 2337 949 2403 dissentias.
1037 2337 1205 2415 Quid
1251 2339 1423 2403 enim
1466 2360 1569 2403 me
1618 2337 1993 2423 prohiberet
2032 2335 2433 2422 Epicureum

413 2445 580 2509 esse,
626 2425 683 2490 si
725 2427 1096 2510 probarem,
1140 2448 1304 2511 quae
1348 2427 1461 2491 ille
1508 2425 1789 2503 diceret?
1853 2447 1999 2492 cum
2040 2426 2431 2509 praesertim
2456 2452 2507 2493 ιι

299 2546 306 2553 ·
410 2513 530 2578 illa
572 2514 932 2599 perdiscere
977 2515 1166 2579 ludus
1212 2519 1403 2579 esset.
1475 2490 1685 2591 Quani
1728 2514 1814 2580 ob
1858 2534 1998 2579 rem
2043 2512 2429 2579 dissentien-

410 2601 576 2667 tium
630 2602 800 2667 inter
855 2624 924 2668 se
976 2602 1507 2686 reprehensiones
1562 2624 1695 2668 non
1740 2605 1893 2667 sunt
1932 2600 2429 2686 vituperandae,

411 2690 780 2774 maledicta,
825 2690 1279 2775 contumeliae,
1333 2694 1475 2755 tum
1526 2690 1922 2774 iracundiae,
1979 2690 2427 2757 contentiones

411 2778 1048 2863 concertationesque
1109 2779 1180 2843 ιιι
1242 2741 1631 2863 disputando
1691 2778 2056 2863 pertinaces
2118 2776 2427 2864 indignae
2577 2796 2578 2801 ’

304 2884 375 2937 28
408 2863 826 2948 philosophia
903 2866 1064 2930 mihi
1143 2865 1347 2931 videri
1427 2866 1709 2933 solent.
1780 2865 1947 2931 Tum
2030 2865 2426 2950 Torquatus.
2453 2892 2506 2932 so
2577 2946 2578 2959 χ

407 2950 711 3037 Prorsus,
751 2952 994 3037 inquit,
1047 2954 1400 3039 assentior3
1451 2975 1659 3039 neque
1704 2954 1877 3019 enim
1921 2953 2241 3037 disputari
2286 2954 2427 3019 sine
2577 2986 2578 2989 ¹

406 3039 904 3123 reprehensione
948 3061 1068 3106 nec
1111 3062 1260 3107 cum
1316 3041 1646 3108 iracundia
1690 3045 1805 3108 aut
1845 3042 2207 3126 pertinacia
2248 3046 2427 3107 recte

407 3126 725 3212 disputari
783 3130 1018 3212 potest.
1123 3127 1250 3195 Sed
1304 3130 1390 3195 ad
1452 3131 1639 3209 haec,
1702 3129 1832 3195 nisi
1894 3131 2243 3196 molestum
2307 3133 2426 3213 est,

404 3213 616 3280 habco
672 3236 836 3300 quae
890 3216 1104 3281 velim.
1201 3218 1311 3282 An
1362 3239 1493 3303 me,
1550 3220 1841 3302 inquam,
1898 3218 2032 3283 nisi
2082 3219 2149 3282 tc
2204 3217 2426 3283 audire

404 3302 667 3389 vellem,
723 3324 942 3369 censes
1000 3304 1163 3370 haec
1206 3304 1529 3371 dicturum
1572 3305 1819 3379 fuisse?
1916 3304 2154 3371 Utrum
2207 3305 2426 3390 igitur,
2450 3330 2503 3372 ³5

403 3388 638 3475 inquit,
701 3392 989 3474 percurri
1057 3413 1314 3457 omnem
1376 3392 1644 3494 Epicuri
1716 3392 2131 3477 disciplinam
2193 3394 2428 3477 placet,

405 3497 490 3543 an
543 3477 622 3544 de
674 3501 808 3546 una
861 3480 1198 3563 voluptate
1242 3481 1494 3563 quaeri,
1548 3481 1627 3546 de
1683 3502 1812 3566 qua
1856 3501 2047 3547 omne
2092 3485 2427 3547 certamen
