2609 3884
734 151 978 207 111111.
1035 149 1290 222 61166,
1330 157 1413 209 10.
1469 157 1500 219 ς
1536 157 1781 208 27—31.
2183 153 2270 218 35

238 312 586 399 repudiari,
631 316 804 379 certe
848 313 974 378 hoc
1009 313 1246 397 ipsum,
1292 335 1372 378 ex
1418 335 1545 398 quo
1586 335 1775 379 omne
1808 314 1948 379 1611
1991 314 2269 402 falsique

235 401 550 467 iudicium
615 404 811 485 esset,
871 401 1203 487 percipere
1270 422 1381 467 eos
1446 401 1769 484 debuisse3
1835 403 2075 467 etenim
2139 403 2266 470 duo

235 510 381 554 esse
435 490 595 555 11666
657 490 943 554 maxima
1004 490 1074 554 in
1135 489 1582 575 philosophia,
1643 490 1950 556 iudicium
2011 493 2148 556 veri
2203 495 2270 556 et

231 578 433 642 finem
496 578 847 662 bonorum,
900 599 1020 643 1166
1080 578 1437 661 sapientem
1500 598 1696 661 posse
1754 599 1921 663 esse,
1978 580 2091 663 qui
2156 585 2269 645 aut

169 691 202 733 5
236 665 670 750 cognoscendi
719 668 916 748 [esse]
977 665 1238 730 initium
1281 666 1543 750 ignoret
1587 670 1703 731 aut
1748 670 2106 732 extremum
2165 689 2267 732 ex-

231 752 522 838 petendi,
563 756 655 837 ut,
700 757 818 819 aut
850 753 1019 818 unde
1060 753 1536 837 proficiscatur,
1582 757 1695 820 aut
1728 776 1857 839 quo
1890 757 2265 839 pervenien-

231 841 393 906 dum
439 841 543 926 sit,
585 841 862 924 nesciat3
906 841 1068 906 11666
1103 845 1322 907 autem
1361 842 1601 907 habere
1643 843 1842 907 dubia
1875 863 1995 908 nec
2039 843 2124 908 iis
2168 844 2266 909 ita

231 929 577 1013 confidere,
611 933 687 995 ut
721 930 970 994 moveri
1004 951 1137 995 non
1170 931 1445 1013 possint,
1483 929 1833 995 abhorrere
1866 953 1907 996 a
1943 932 2266 1014 sapientia

229 1017 609 1102 plurimum.
683 1016 829 1084 Hoc
872 1017 1077 1102 igitur
1121 1017 1314 1084 modo
1350 1018 1571 1101 potius
1610 1021 1749 1084 erat
1784 1018 1868 1083 ab
1905 1019 2010 1084 his
2045 1023 2266 1105 postu-

142 1136 198 1175 10
235 1105 526 1190 landum,
570 1107 648 1170 ut
680 1105 807 1170 hoc
841 1127 1045 1170 unum
1090 1107 1341 1189 saltem,
1384 1107 1633 1190 percipi
1666 1105 1832 1172 nihil
1867 1127 2078 1192 posse,
2125 1129 2267 1191 per-

229 1197 494 1276 ceptum
571 1214 710 1259 esse
795 1193 1101 1260 dicerent.
1218 1192 1347 1260 Sed
1410 1194 1488 1259 de
1561 1195 2001 1260 inconstantia
2062 1196 2266 1262 totius

227 1282 504 1348 illorum
559 1281 947 1365 sententiae,
1003 1283 1061 1347 si
1117 1283 1254 1347 ulla
1309 1282 1636 1347 sententia
1691 1283 2068 1366 cuiusquam
2124 1305 2267 1349 esse

225 1373 458 1454 potest
497 1369 667 1434 nihil
711 1369 1158 1454 adprobantis,
1210 1370 1324 1451 sit,
1369 1373 1444 1435 ut
1490 1371 1749 1455 opinor,
1795 1371 2040 1436 dictum
2086 1372 2265 1438 satis.

205 1514 214 1518 -
371 1455 672 1540 Sequitur
708 1457 1066 1541 disputatio
1113 1459 1377 1542 copiosa
1422 1457 1537 1523 1116
1578 1458 1867 1542 quidem,
1915 1459 2026 1524 sed
2068 1461 2264 1542 paulo
2290 1432 2372 1558 ᾗ),

142 1572 197 1614 1⁵
229 1546 598 1611 abstrusior
666 1544 896 1632 (habet
959 1546 1132 1611 enim
1200 1546 1608 1630 aliquantum
1680 1567 1722 1612 a
1782 1545 2131 1632 physicis),
2192 1551 2267 1613 ut

225 1655 488 1717 verear,
547 1654 632 1698 ne
693 1633 1007 1699 maiorem
1070 1635 1319 1720 largiar
1374 1633 1462 1718 ei,
1525 1633 1636 1718 qui
1692 1638 1918 1698 contra
1980 1635 2266 1700 dicturus

228 1725 354 1800 est,
400 1722 774 1787 libertatem
811 1724 878 1786 et
920 1722 1270 1787 licentiam.
1340 1721 1516 1788 Nam
1561 1720 1715 1805 quid
1751 1742 1899 1786 eum
1944 1722 2267 1788 facturum

223 1812 457 1895 putem
503 1808 583 1874 de
621 1809 860 1875 abditis
899 1810 1093 1875 rebus
1137 1812 1204 1874 et
1239 1810 1560 1893 obscuris,
1604 1809 1715 1894 qui
1758 1809 1969 1874 lucem
2016 1811 2263 1894 eripere

229 1897 550 1964 conetur?
667 1895 794 1963 Sed
864 1897 1188 1982 disputari
1261 1900 1521 1982 poterat
1594 1896 1948 1982 subtiliter,
2022 1902 2265 1982 quanto

143 2015 200 2054 20
229 1987 424 2071 quasi
478 1985 752 2051 artificio
807 1990 1045 2051 natura
1100 1985 1424 2051 fabricata
1468 1987 1641 2051 esset
1695 1985 1979 2070 primum
2024 1987 2267 2052 animal

229 2095 459 2157 omne,
521 2073 750 2139 deinde
814 2073 1148 2138 hominem
1209 2074 1517 2153 maxime,
1586 2095 1750 2157 quae
1812 2073 1913 2139 vis
1971 2078 2145 2140 esset
2197 2075 2269 2141 in

231 2162 559 2244 sensibus,
613 2183 804 2247 quem
857 2162 939 2226 ad
995 2160 1256 2226 modum
1308 2162 1521 2244 primo
1566 2162 1709 2226 visa
1751 2183 1871 2227 nos
1922 2162 2263 2245 pellerent,

229 2250 466 2318 deinde
537 2250 853 2334 adpetitio
919 2249 1002 2314 ab
1075 2249 1178 2314 his
1251 2250 1443 2333 pulsa
1506 2253 1907 2333 sequeretur,
1979 2253 2120 2314 tum
2191 2254 2266 2315 ut

231 2360 464 2405 sensus
509 2339 593 2403 ad
636 2359 741 2403 res
783 2337 1229 2422 percipiendas
1274 2337 1770 2402 intenderemus.
1859 2336 2046 2403 Mens
2093 2339 2266 2403 enim

145 2455 200 2496 25
228 2429 412 2511 ipsa,
468 2447 633 2509 quae
678 2446 982 2491 sensuum
1025 2425 1173 2491 fons
1220 2428 1323 2490 est
1366 2429 1559 2510 6111116
1605 2425 1803 2490 etiam
1846 2425 1993 2508 ipsa
2038 2447 2265 2492 sensus

230 2518 363 2599 est,
406 2514 774 2579 naturalem
817 2514 954 2579 11111
997 2513 1223 2598 habet,
1283 2535 1478 2597 quam
1522 2512 1807 2577 intendit
1849 2513 1934 2577 ad
1978 2535 2080 2596 ea,
2127 2515 2265 2598 qui-

227 2605 355 2670 bus
395 2604 709 2668 movetur.
773 2600 1004 2686 Itaque
1042 2601 1173 2666 alia
1207 2602 1351 2666 visa
1386 2601 1479 2666 sic
1517 2601 1764 2684 arripit,
1799 2603 1874 2664 ut
1919 2600 2003 2665 iis
2040 2602 2265 2666 statim

227 2695 485 2774 utatur,
530 2689 660 2755 alia
705 2689 891 2776 quasi
932 2688 1252 2772 recondit,
1310 2711 1346 2753 6
1402 2687 1635 2772 quibus
1681 2687 1997 2753 memoria
2042 2689 2263 2755 oritur.

230 2779 470 2846 Cetera
540 2781 759 2844 autem
831 2777 1363 2843 similitudinibus
1436 2776 1756 2842 construit
1771 2824 1790 2858 ,
1871 2797 1949 2840 ex
2029 2778 2263 2860 quibus

151 2897 203 2936 80
230 2868 609 2933 efficiuntur
651 2865 924 2932 notitiae
967 2887 1184 2931 rerum
1194 2915 1213 2948 ‚
1271 2887 1434 2951 quas
1488 2862 1719 2929 Graeci
1770 2867 1914 2928 tum
1972 2863 2262 2948 ἐννοίας,

229 2961 376 3021 tum
419 2949 789 3041 προλήψεις
830 2957 1085 3020 vocant.
1179 2953 1281 3019 Eo
1329 2975 1475 3018 cum
1519 2953 1795 3018 accessit
1851 2953 2024 3019 ratio
2073 2974 2262 3038 argu-

229 3045 570 3129 mentique
635 3042 956 3108 conclusio
1024 3063 1365 3126 rerumque
1421 3040 1989 3107 innumerabilium
2022 3039 2261 3106 ‘multi-

230 3133 419 3218 tudo,
471 3135 615 3196 tum
669 3134 736 3195 et
796 3131 1126 3216 perceptio
1192 3151 1414 3195 eorum
1480 3130 1770 3195 omnium
1834 3133 2132 3213 apparet,
2196 3133 2263 3194 et

233 3221 462 3286 eadem
505 3219 679 3285 ratio
724 3219 1013 3304 perfecta
1056 3218 1158 3282 his
1206 3217 1517 3303 gradibus
1566 3216 1648 3282 ad
1684 3216 2071 3301 sapientiam
2115 3238 2260 3300 per·

157 3336 206 3377 ³5
231 3309 432 3375 venit.
528 3307 636 3372 Ad
688 3328 903 3372 rerum
955 3306 1159 3392 igitur
1213 3306 1553 3370 scientiam
1606 3305 1905 3389 vitaeque
1956 3308 2257 3370 constan·
2295 3325 2361 3373 31

231 3398 394 3464 tiam
461 3395 804 3480 aptissima
865 3416 1010 3459 cum
1075 3394 1163 3460 sit
1223 3415 1406 3460 mens
1471 3393 1782 3476 1161611113,
1847 3393 2260 3476 amplectitur

234 3486 518 3551 maxime
573 3483 1008 3569 cognitionem
1064 3485 1130 3548 et
1181 3482 1379 3547 istam
1434 3478 1839 3564 κατάληψιν,
1903 3502 2125 3564 quam,
2183 3482 2257 3543 ut
2338 3548 2345 3554 ‚

1863 3581 1937 3636 3*
