2609 3884
386 172 429 238 2
433 171 516 238 88
775 170 1377 228 TUSCULANARUM
1410 167 2017 225 DISPUTATION'UM

385 334 657 400 liberari
692 334 923 400 mortis
960 336 1139 398 metu
1172 353 1547 418 possumuS,
1590 331 1656 396 id
1693 351 1993 416 agamus3
2031 331 2135 397 sin
2168 329 2240 396 id
2274 351 2415 396 non

385 425 606 525 potest
649 422 780 487 nisi
823 423 945 488 hac
991 421 1369 508 quaestione
1418 420 1781 486 animorum
1826 419 2177 504 explicata,
2219 439 2414 498 nunc,

389 511 447 577 si
490 510 772 596 videtur,
813 511 966 592 hoc,
1010 510 1169 574 illud
1216 509 1400 574 aliae.

519 606 611 664 M.
658 598 844 676 Quod
878 599 1070 664 malle
1108 601 1174 662 te
1219 597 1562 682 intellege,
1615 595 1684 662 id
1732 599 1891 680 puto
1938 617 2080 661 esse
2124 616 2414 661 commo-

387 687 549 754 dius.
637 686 902 752 Efficiet
959 687 1132 751 enim
1183 686 1385 769 ratio,
1438 688 1540 771 ut,
1602 705 2037 788 quaecumque
2099 704 2259 749 vera
2324 683 2416 748 sit
2440 710 2467 751 ⁵

389 797 612 840 earum
658 774 1149 859 sententiarum,
1204 795 1365 858 quas
1413 773 1704 858 exposui,
1758 794 1936 838 mors
1992 776 2108 838 aut
2158 771 2416 837 malum

283 875 353 926 24
387 886 521 930 non
585 863 675 930 sit
737 865 851 929 aut
917 863 1005 928 sit
1071 862 1318 927 bonum
1379 861 1619 945 potius,
1732 859 1909 926 Nam
1980 860 2038 925 si
2109 882 2221 926 cor
2295 865 2417 925 aut

281 2907 349 2958 25

389 952 655 1038 sanguis
702 954 818 1016 aut
861 951 1196 1017 cerebrum
1232 953 1336 1014 est
1374 949 1658 1034 animus,
1703 952 1911 1035 certe,
1954 948 2261 1035 quoniam
2310 951 2419 1014 est

388 1061 650 1124 corpus,
703 1039 1000 1104 interibit
1054 1059 1200 1104 cum
1252 1038 1505 1140 reliquo
1562 1059 1857 1122 corpore3
1912 1037 1969 1103 si
2027 1037 2247 1102 anima
2291 1041 2419 1124 est,

385 1127 666 1193 fortasse
743 1126 1201 1212 dissipabitur3
1266 1125 1325 1191 si
1396 1127 1608 1210 igniS,
1681 1125 2140 1210 extinguetur3·
2186 1125 2245 1190 si
2310 1131 2419 1192 est
2447 1151 2499 1191 ιο

387 1214 764 1279 Aristoxeni
798 1214 1166 1299 harmonia,
1210 1214 1617 1316 dissolvetur.
1690 1212 1858 1289 Quid
1897 1213 1973 1279 de
2008 1211 2415 1281 Dicaearcho

389 1302 628 1383 dicam,
693 1303 804 1387 qui
866 1302 1033 1367 nihil
1089 1303 1354 1368 omnino
1410 1301 1699 1368 animum
1755 1301 1929 1367 dicat
1991 1300 2174 1366 esse?
2281 1300 2414 1368 His

389 1390 730 1455 sententiis
795 1392 1097 1456 omnibus
1159 1390 1328 1456 nihil
1390 1394 1543 1474 post
1604 1394 1883 1455 mortem
1942 1389 2269 1474 pertinere
2326 1391 2415 1456 ad

389 1499 776 1565 quemquam
846 1483 1097 1565 potest3
1178 1479 1427 1564 pariter
1496 1479 1669 1544 enim
1742 1499 1890 1543 cum
1960 1478 2098 1543 vita
2177 1499 2413 1544 sensus

389 1568 739 1654 amittitur3
793 1588 931 1632 non
983 1567 1327 1633 sentientis
1382 1571 1625 1652 autem,
1677 1565 1843 1631 nihil
1896 1568 2025 1650 est,
2082 1566 2285 1631 ullam
2340 1568 2413 1632 in
2445 1592 2496 1635 ιι»

387 1659 642 1741 partem
706 1652 879 1741 quod
931 1656 1210 1721 intersit.
1312 1653 1737 1739 Reliquorum
1800 1655 2161 1720 sententiae
2224 1676 2412 1738 spem

390 1743 713 1828 adferunt,
761 1744 818 1810 si
861 1748 929 1809 te
972 1744 1097 1810 hoc
1140 1744 1311 1809 forte
1356 1743 1659 1826 delectat,
1703 1764 1895 1827 posse
1940 1743 2217 1828 animos,
2262 1765 2415 1812 cum

389 1854 424 1896 e
484 1832 859 1916 corporibus
920 1832 1336 1916 excesserint,
1393 1831 1465 1896 in
1523 1831 1773 1896 caelum
1834 1832 2020 1915 quasi
2077 1832 2148 1896 in
2206 1830 2413 1898 domi-

389 1919 610 1985 cilium
657 1943 845 1986 suum
888 1920 1242 2004 pervenire.

519 2008 603 2072 A.
656 2007 762 2072 Me
799 2029 950 2073 vero
988 2008 1293 2092 delectat,
1335 2007 1527 2092 idque
1562 2008 1845 2091 primum
1880 2007 1978 2072 ita
2012 2027 2154 2072 esse
2191 2008 2411 2088 velim,
2438 2035 2490 2075 20

389 2095 642 2178 deinde,
689 2095 946 2160 etiamsi
991 2118 1124 2161 non
1169 2097 1282 2180 sit,
1327 2095 1491 2159 mihi
1525 2095 1900 2180 persuaderi
1935 2098 2156 2160 tamen
2193 2097 2412 2162 velim.

520 2188 611 2247 M.
659 2180 826 2257 Quid
890 2182 1017 2247 tibi
1072 2203 1226 2268 ergo
1283 2204 1479 2267 opera
1534 2188 1762 2249 nostra
1818 2205 1979 2267 opus
2044 2184 2187 2249 est?
2248 2205 2413 2250 num

389 2271 759 2353 eloquentia
828 2270 1173 2336 Platonem
1246 2292 1551 2354 superare
1632 2293 1979 2355 possumus
1998 2269 2033 2335 ⁴?
2160 2271 2415 2338 Evolve

389 2356 735 2442 diligenter
773 2357 911 2424 eius
950 2381 1096 2424 eum
1130 2358 1399 2443 librum,
1440 2360 1553 2444 qui
1590 2363 1691 2425 est
1726 2361 1804 2425 de
1841 2360 2087 2444 animo3
2126 2361 2413 2446 amplius

389 2446 562 2531 quod
607 2446 928 2512 desideres
937 2498 956 2532 ,
1001 2447 1165 2512 nihil
1213 2448 1351 2513 erit.
2440 2477 2491 2516 25

518 2535 602 2600 A.
655 2534 806 2601 Feci
853 2535 1240 2622 mehercule,
1287 2540 1355 2601 et
1398 2535 1657 2621 quidem
1699 2537 1981 2622 saepius3
2029 2537 2141 2603 sed
2184 2540 2409 2604 nescio

389 2645 514 2708 quo
561 2624 780 2709 modo,
825 2625 978 2689 dum
1023 2624 1202 2710 lego,
1249 2623 1603 2709 adsentior,
1650 2645 1795 2689 cum
1831 2626 2021 2708 posui
2055 2626 2297 2691 librum
2344 2632 2413 2692 et

387 2733 638 2776 mecum
691 2713 832 2795 ipse
888 2713 966 2778 de
1020 2713 1515 2777 immortalitate
1570 2713 1934 2777 animorum
1988 2715 2173 2798 coepi
2232 2717 2413 2801 cogi-

387 2801 553 2881 tare,
599 2800 896 2866 adsensio
943 2801 1154 2866 omnis
1198 2801 1317 2865 illa
1367 2800 1661 2866 elabitur.

520 2893 610 2951 Μ.
657 2887 824 2963 Quid
894 2887 1065 2953 hoc?
1138 2889 1334 2953 dasne
1408 2891 1521 2953 aut
1591 2909 1851 2954 manere
1929 2890 2181 2956 animos
2254 2895 2411 2975 post
2438 2919 2491 2959 ao

386 2977 660 3040 mortem
709 2979 823 3040 aut
867 2979 1075 3040 morte
1119 2977 1265 3060 ipsa
1309 2974 1617 3041 interire?

518 3061 602 3126 A.
655 3061 759 3128 Do
803 3083 974 3128 vero.

520 3155 610 3213 Μ.
658 3147 853 3234 Quid,
899 3150 956 3214 si
1001 3151 1355 3216 maneant?

520 3237 600 3302 A.
655 3236 894 3303 Beatos
942 3259 1082 3303 esse
1127 3239 1427 3306 concede.
1503 3313 1509 3318 ,

519 3330 612 3388 Μ.
661 3323 775 3390 Sin
818 3326 1185 3392 intereant?
2434 3359 2488 3400 35

519 3413 602 3476 A.
654 3411 806 3479 Non
861 3435 1000 3479 esse
1055 3415 1359 3500 miseros,
1424 3416 1727 3500 quoniam
1780 3439 1861 3481 ne
1918 3389 2054 3484 sint
2116 3418 2408 3506 quidem3

385 3499 520 3563 iam
566 3499 738 3566 istuc
780 3501 987 3567 coacti
1035 3523 1074 3568 a
1118 3505 1183 3567 te
1228 3503 1422 3586 paulo
1472 3507 1620 3568 ante
1668 3505 2114 3571 concessimus

2586 219 2588 230 Α

2586 283 2589 432 f
