<?xml version="1.0" encoding="UTF-8"?>
<!DOCTYPE html PUBLIC "-//W3C//DTD XHTML 1.0 Transitional//EN"
    "http://www.w3.org/TR/xhtml1/DTD/xhtml1-transitional.dtd">
<html xmlns="http://www.w3.org/1999/xhtml" xml:lang="en" lang="en">
 <head>
  <title>
</title>
<meta http-equiv="Content-Type" content="text/html;charset=utf-8" />
  <meta name='ocr-system' content='tesseract 3.04.00' />
  <meta name='ocr-capabilities' content='ocr_page ocr_carea ocr_par ocr_line ocrx_word'/>
</head>
<body>
  <div class='ocr_page' id='page_1' title='image "./scriptaquaemans01mlgoog_0350.png"; bbox 0 0 2609 3884; ppageno 0'>
   <div class='ocr_carea' id='block_1_1' title="bbox 318 922 406 1049">
    <p class='ocr_par' dir='ltr' id='par_1_1' title="bbox 318 922 406 1049">
     <span class='ocr_line' id='line_1_1' title="bbox 318 922 406 1049; baseline 0.011 -1"><span class='ocrx_word' id='word_1_1' title='bbox 318 922 406 1049; x_wconf 70' lang='grc' dir='ltr'>’Ξὲ</span> 
     </span>
    </p>
   </div>
   <div class='ocr_carea' id='block_1_2' title="bbox 321 2015 386 2065">
    <p class='ocr_par' dir='ltr' id='par_1_2' title="bbox 321 2015 386 2065">
     <span class='ocr_line' id='line_1_2' title="bbox 321 2015 386 2065; baseline 0 0"><span class='ocrx_word' id='word_1_2' title='bbox 321 2015 386 2065; x_wconf 81' lang='grc'>57</span> 
     </span>
    </p>
   </div>
   <div class='ocr_carea' id='block_1_3' title="bbox 425 166 2054 233">
    <p class='ocr_par' dir='ltr' id='par_1_3' title="bbox 425 166 2054 233">
     <span class='ocr_line' id='line_1_3' title="bbox 425 166 2054 233; baseline -0.007 0"><span class='ocrx_word' id='word_1_3' title='bbox 425 168 558 233; x_wconf 84' lang='grc'>300</span> <span class='ocrx_word' id='word_1_4' title='bbox 816 166 1413 223; x_wconf 75' lang='lat' dir='ltr'>TUSCULANARUM</span> <span class='ocrx_word' id='word_1_5' title='bbox 1448 167 2054 224; x_wconf 79' lang='lat' dir='ltr'>DISPUTATIONUM</span> 
     </span>
    </p>
   </div>
   <div class='ocr_carea' id='block_1_4' title="bbox 420 329 2523 3577">
    <p class='ocr_par' dir='ltr' id='par_1_4' title="bbox 420 329 2461 679">
     <span class='ocr_line' id='line_1_4' title="bbox 423 329 2459 415; baseline 0 -20"><span class='ocrx_word' id='word_1_6' title='bbox 423 330 696 413; x_wconf 82' lang='lat' dir='ltr'>moveri3</span> <span class='ocrx_word' id='word_1_7' title='bbox 751 329 923 414; x_wconf 88' lang='lat' dir='ltr'>quod</span> <span class='ocrx_word' id='word_1_8' title='bbox 967 349 1113 394; x_wconf 90' lang='lat' dir='ltr'>cum</span> <span class='ocrx_word' id='word_1_9' title='bbox 1159 329 1383 412; x_wconf 89' lang='lat' dir='ltr'>sentit,</span> <span class='ocrx_word' id='word_1_10' title='bbox 1427 329 1587 394; x_wconf 88' lang='lat' dir='ltr'>illud</span> <span class='ocrx_word' id='word_1_11' title='bbox 1632 350 1764 395; x_wconf 88' lang='lat' dir='ltr'>una</span> <span class='ocrx_word' id='word_1_12' title='bbox 1808 330 2036 413; x_wconf 87' lang='lat' dir='ltr'>sentit,</span> <span class='ocrx_word' id='word_1_13' title='bbox 2081 350 2149 395; x_wconf 90' lang='lat' dir='ltr'>se</span> <span class='ocrx_word' id='word_1_14' title='bbox 2192 331 2261 395; x_wconf 79' lang='lat' dir='ltr'>vi</span> <span class='ocrx_word' id='word_1_15' title='bbox 2310 352 2459 415; x_wconf 83' lang='lat' dir='ltr'>sua,</span> 
     </span>
     <span class='ocr_line' id='line_1_5' title="bbox 421 417 2457 502; baseline 0 -19"><span class='ocrx_word' id='word_1_16' title='bbox 421 440 555 485; x_wconf 91' lang='lat' dir='ltr'>non</span> <span class='ocrx_word' id='word_1_17' title='bbox 601 417 814 482; x_wconf 84' lang='lat' dir='ltr'>aliena</span> <span class='ocrx_word' id='word_1_18' title='bbox 866 417 1138 500; x_wconf 82' lang='lat' dir='ltr'>moveri,</span> <span class='ocrx_word' id='word_1_19' title='bbox 1189 438 1311 482; x_wconf 91' lang='lat' dir='ltr'>nec</span> <span class='ocrx_word' id='word_1_20' title='bbox 1366 417 1652 482; x_wconf 87' lang='lat' dir='ltr'>accidere</span> <span class='ocrx_word' id='word_1_21' title='bbox 1705 438 1929 502; x_wconf 76' lang='lat' dir='ltr'>posse,</span> <span class='ocrx_word' id='word_1_22' title='bbox 1982 422 2057 483; x_wconf 91' lang='lat' dir='ltr'>ut</span> <span class='ocrx_word' id='word_1_23' title='bbox 2106 418 2248 501; x_wconf 88' lang='lat' dir='ltr'>ipse</span> <span class='ocrx_word' id='word_1_24' title='bbox 2303 440 2457 483; x_wconf 88' lang='lat' dir='ltr'>um-</span> 
     </span>
     <span class='ocr_line' id='line_1_6' title="bbox 423 503 2461 591; baseline 0 -21"><span class='ocrx_word' id='word_1_25' title='bbox 423 528 618 590; x_wconf 86' lang='lat' dir='ltr'>quam</span> <span class='ocrx_word' id='word_1_26' title='bbox 681 528 721 570; x_wconf 84' lang='lat' dir='ltr'>a</span> <span class='ocrx_word' id='word_1_27' title='bbox 783 526 852 569; x_wconf 89' lang='lat' dir='ltr'>se</span> <span class='ocrx_word' id='word_1_28' title='bbox 915 504 1264 569; x_wconf 73' lang='lat' dir='ltr'><strong>deseratur.</strong></span> <span class='ocrx_word' id='word_1_29' title='bbox 1374 503 1478 569; x_wconf 82' lang='lat' dir='ltr'>Ex</span> <span class='ocrx_word' id='word_1_30' title='bbox 1538 526 1667 589; x_wconf 88' lang='lat' dir='ltr'>quo</span> <span class='ocrx_word' id='word_1_31' title='bbox 1730 505 2011 570; x_wconf 81' lang='lat' dir='ltr'>efficitur</span> <span class='ocrx_word' id='word_1_32' title='bbox 2072 506 2461 591; x_wconf 85' lang='lat' dir='ltr'>aeternitas,</span> 
     </span>
     <span class='ocr_line' id='line_1_7' title="bbox 420 591 1344 679; baseline -0.003 -19"><span class='ocrx_word' id='word_1_33' title='bbox 420 594 552 660; x_wconf 89' lang='lat' dir='ltr'>nisi</span> <span class='ocrx_word' id='word_1_34' title='bbox 597 593 752 679; x_wconf 87' lang='lat' dir='ltr'>quid</span> <span class='ocrx_word' id='word_1_35' title='bbox 795 591 998 657; x_wconf 89' lang='lat' dir='ltr'>habes</span> <span class='ocrx_word' id='word_1_36' title='bbox 1043 592 1125 657; x_wconf 84' lang='lat' dir='ltr'>ad</span> <span class='ocrx_word' id='word_1_37' title='bbox 1167 591 1344 657; x_wconf 90' lang='lat' dir='ltr'>haec.</span> 
     </span>
    </p>

    <p class='ocr_par' dir='ltr' id='par_1_5' title="bbox 421 679 2504 922">
     <span class='ocr_line' id='line_1_8' title="bbox 555 679 2504 767; baseline 0.001 -21"><span class='ocrx_word' id='word_1_38' title='bbox 555 682 654 747; x_wconf 81' lang='lat' dir='ltr'>A.·</span> <span class='ocrx_word' id='word_1_39' title='bbox 691 679 838 765; x_wconf 86' lang='lat' dir='ltr'>Ego</span> <span class='ocrx_word' id='word_1_40' title='bbox 874 702 1028 745; x_wconf 84' lang='lat' dir='ltr'>vero</span> <span class='ocrx_word' id='word_1_41' title='bbox 1063 680 1254 744; x_wconf 86' lang='lat' dir='ltr'>facile</span> <span class='ocrx_word' id='word_1_42' title='bbox 1291 702 1436 745; x_wconf 91' lang='lat' dir='ltr'>sum</span> <span class='ocrx_word' id='word_1_43' title='bbox 1471 701 1704 763; x_wconf 87' lang='lat' dir='ltr'>passus</span> <span class='ocrx_word' id='word_1_44' title='bbox 1739 701 1822 744; x_wconf 91' lang='lat' dir='ltr'>ne</span> <span class='ocrx_word' id='word_1_45' title='bbox 1862 680 1934 745; x_wconf 92' lang='lat' dir='ltr'>in</span> <span class='ocrx_word' id='word_1_46' title='bbox 1969 684 2253 746; x_wconf 90' lang='lat' dir='ltr'>mentem</span> <span class='ocrx_word' id='word_1_47' title='bbox 2302 683 2457 767; x_wconf 86' lang='lat' dir='ltr'>qui·</span> <span class='ocrx_word' id='word_1_48' title='bbox 2480 708 2504 747; x_wconf 66' lang='grc' dir='ltr'>ε</span> 
     </span>
     <span class='ocr_line' id='line_1_9' title="bbox 424 767 2455 852; baseline 0 -19"><span class='ocrx_word' id='word_1_49' title='bbox 424 769 570 834; x_wconf 90' lang='lat' dir='ltr'>dem</span> <span class='ocrx_word' id='word_1_50' title='bbox 623 768 788 834; x_wconf 83' lang='lat' dir='ltr'>mihi</span> <span class='ocrx_word' id='word_1_51' title='bbox 844 767 1089 852; x_wconf 87' lang='lat' dir='ltr'>aliquid</span> <span class='ocrx_word' id='word_1_52' title='bbox 1145 771 1375 833; x_wconf 84' lang='lat' dir='ltr'>contra</span> <span class='ocrx_word' id='word_1_53' title='bbox 1425 768 1673 851; x_wconf 78' lang='lat' dir='ltr'>venire3</span> <span class='ocrx_word' id='word_1_54' title='bbox 1730 768 1827 832; x_wconf 82' lang='lat' dir='ltr'>ita</span> <span class='ocrx_word' id='word_1_55' title='bbox 1882 768 1997 833; x_wconf 86' lang='lat' dir='ltr'>isti</span> <span class='ocrx_word' id='word_1_56' title='bbox 2050 768 2239 834; x_wconf 86' lang='lat' dir='ltr'>faveo</span> <span class='ocrx_word' id='word_1_57' title='bbox 2300 791 2455 835; x_wconf 90' lang='lat' dir='ltr'>sen-</span> 
     </span>
     <span class='ocr_line' id='line_1_10' title="bbox 421 857 683 922; baseline 0 -1"><span class='ocrx_word' id='word_1_58' title='bbox 421 857 683 922; x_wconf 78' lang='lat' dir='ltr'>tentiae.</span> 
     </span>
    </p>

    <p class='ocr_par' dir='ltr' id='par_1_6' title="bbox 423 942 2523 3577">
     <span class='ocr_line' id='line_1_11' title="bbox 554 942 2455 1029; baseline 0.001 -20"><span class='ocrx_word' id='word_1_59' title='bbox 554 951 647 1010; x_wconf 81' lang='lat' dir='ltr'>M.</span> <span class='ocrx_word' id='word_1_60' title='bbox 693 942 905 1019; x_wconf 79' lang='lat' dir='ltr'>Quid?</span> <span class='ocrx_word' id='word_1_61' title='bbox 958 943 1076 1008; x_wconf 88' lang='lat' dir='ltr'>illa</span> <span class='ocrx_word' id='word_1_62' title='bbox 1127 944 1393 1009; x_wconf 86' lang='lat' dir='ltr'>tandem</span> <span class='ocrx_word' id='word_1_63' title='bbox 1444 965 1603 1007; x_wconf 90' lang='lat' dir='ltr'>num</span> <span class='ocrx_word' id='word_1_64' title='bbox 1661 943 1909 1008; x_wconf 81' lang='lat' dir='ltr'>leviora</span> <span class='ocrx_word' id='word_1_65' title='bbox 1962 964 2212 1027; x_wconf 88' lang='lat' dir='ltr'>censes,</span> <span class='ocrx_word' id='word_1_66' title='bbox 2276 966 2455 1029; x_wconf 86' lang='lat' dir='ltr'>quae</span> 
     </span>
     <span class='ocr_line' id='line_1_12' title="bbox 423 1031 2454 1133; baseline -0 -35"><span class='ocrx_word' id='word_1_67' title='bbox 423 1032 754 1098; x_wconf 89' lang='lat' dir='ltr'>declarant</span> <span class='ocrx_word' id='word_1_68' title='bbox 795 1031 1006 1096; x_wconf 87' lang='lat' dir='ltr'>inesse</span> <span class='ocrx_word' id='word_1_69' title='bbox 1048 1032 1121 1096; x_wconf 92' lang='lat' dir='ltr'>in</span> <span class='ocrx_word' id='word_1_70' title='bbox 1165 1032 1399 1096; x_wconf 85' lang='lat' dir='ltr'>animis</span> <span class='ocrx_word' id='word_1_71' title='bbox 1443 1031 1781 1097; x_wconf 84' lang='lat' dir='ltr'>hominurn</span> <span class='ocrx_word' id='word_1_72' title='bbox 1829 1031 2049 1097; x_wconf 82' lang='lat' dir='ltr'>divina</span> <span class='ocrx_word' id='word_1_73' title='bbox 2065 1032 2454 1133; x_wconf 77' lang='lat' dir='ltr'><strong>quaedam?</strong></span> 
     </span>
     <span class='ocr_line' id='line_1_13' title="bbox 423 1118 2523 1206; baseline 0 -22"><span class='ocrx_word' id='word_1_74' title='bbox 423 1142 586 1205; x_wconf 87' lang='lat' dir='ltr'>quae</span> <span class='ocrx_word' id='word_1_75' title='bbox 660 1119 716 1184; x_wconf 93' lang='lat' dir='ltr'>si</span> <span class='ocrx_word' id='word_1_76' title='bbox 779 1139 1102 1184; x_wconf 81' lang='lat' dir='ltr'>cernerem</span> <span class='ocrx_word' id='word_1_77' title='bbox 1179 1140 1371 1203; x_wconf 88' lang='lat' dir='ltr'>quem</span> <span class='ocrx_word' id='word_1_78' title='bbox 1433 1119 1515 1184; x_wconf 85' lang='lat' dir='ltr'>ad</span> <span class='ocrx_word' id='word_1_79' title='bbox 1576 1118 1839 1184; x_wconf 87' lang='lat' dir='ltr'>modum</span> <span class='ocrx_word' id='word_1_80' title='bbox 1900 1120 2082 1184; x_wconf 84' lang='lat' dir='ltr'>nasci</span> <span class='ocrx_word' id='word_1_81' title='bbox 2153 1124 2452 1206; x_wconf 83' lang='lat' dir='ltr'>possent,</span> <span class='ocrx_word' id='word_1_82' title='bbox 2482 1148 2523 1185; x_wconf 85' lang='lat'>10</span> 
     </span>
     <span class='ocr_line' id='line_1_14' title="bbox 425 1206 2450 1291; baseline 0 -18"><span class='ocrx_word' id='word_1_83' title='bbox 425 1208 623 1273; x_wconf 89' lang='lat' dir='ltr'>etiam</span> <span class='ocrx_word' id='word_1_84' title='bbox 687 1228 878 1291; x_wconf 90' lang='lat' dir='ltr'>quem</span> <span class='ocrx_word' id='word_1_85' title='bbox 950 1206 1034 1272; x_wconf 84' lang='lat' dir='ltr'>ad</span> <span class='ocrx_word' id='word_1_86' title='bbox 1099 1207 1366 1272; x_wconf 88' lang='lat' dir='ltr'>modum</span> <span class='ocrx_word' id='word_1_87' title='bbox 1436 1206 1779 1272; x_wconf 89' lang='lat' dir='ltr'>interirent</span> <span class='ocrx_word' id='word_1_88' title='bbox 1848 1206 2151 1272; x_wconf 83' lang='lat' dir='ltr'>viderem.</span> <span class='ocrx_word' id='word_1_89' title='bbox 2265 1206 2450 1273; x_wconf 88' lang='lat' dir='ltr'>Nam</span> 
     </span>
     <span class='ocr_line' id='line_1_15' title="bbox 425 1294 2448 1469; baseline -0.001 -20"><span class='ocrx_word' id='word_1_90' title='bbox 425 1294 1541 1467; x_wconf 47' lang='lat' dir='ltr'>Zffifflettiznigdieffliiieniffilditffi</span> <span class='ocrx_word' id='word_1_91' title='bbox 1558 1316 2448 1469; x_wconf 47' lang='lat' dir='ltr'>etozzatiusngggziisviilgus:</span> 
     </span>
     <span class='ocr_line' id='line_1_16' title="bbox 424 1470 2441 1555; baseline 0 -19"><span class='ocrx_word' id='word_1_92' title='bbox 424 1493 564 1537; x_wconf 87' lang='lat' dir='ltr'>ram</span> <span class='ocrx_word' id='word_1_93' title='bbox 608 1471 832 1536; x_wconf 79' lang='lat' dir='ltr'>videor</span> <span class='ocrx_word' id='word_1_94' title='bbox 874 1492 1067 1555; x_wconf 87' lang='lat' dir='ltr'>posse</span> <span class='ocrx_word' id='word_1_95' title='bbox 1113 1470 1349 1554; x_wconf 82' lang='lat' dir='ltr'>dicere,</span> <span class='ocrx_word' id='word_1_96' title='bbox 1393 1470 1561 1535; x_wconf 90' lang='lat' dir='ltr'>unde</span> <span class='ocrx_word' id='word_1_97' title='bbox 1603 1474 1903 1536; x_wconf 88' lang='lat' dir='ltr'>concreta</span> <span class='ocrx_word' id='word_1_98' title='bbox 1956 1473 2023 1535; x_wconf 92' lang='lat' dir='ltr'>et</span> <span class='ocrx_word' id='word_1_99' title='bbox 2071 1492 2197 1555; x_wconf 88' lang='lat' dir='ltr'>qno</span> <span class='ocrx_word' id='word_1_100' title='bbox 2243 1471 2441 1537; x_wconf 91' lang='lat' dir='ltr'>modo</span> 
     </span>
     <span class='ocr_line' id='line_1_17' title="bbox 423 1558 2515 1644; baseline 0.001 -21"><span class='ocrx_word' id='word_1_101' title='bbox 423 1558 600 1624; x_wconf 84' lang='lat' dir='ltr'>facta</span> <span class='ocrx_word' id='word_1_102' title='bbox 635 1559 793 1644; x_wconf 83' lang='lat' dir='ltr'>sint3</span> <span class='ocrx_word' id='word_1_103' title='bbox 841 1558 1130 1623; x_wconf 88' lang='lat' dir='ltr'>animum</span> <span class='ocrx_word' id='word_1_104' title='bbox 1165 1559 1380 1643; x_wconf 88' lang='lat' dir='ltr'>ipsum</span> <span class='ocrx_word' id='word_1_105' title='bbox 1418 1594 1530 1643; x_wconf 90' lang='lat'>-—-‚</span> <span class='ocrx_word' id='word_1_106' title='bbox 1576 1559 1632 1623; x_wconf 91' lang='lat' dir='ltr'>si</span> <span class='ocrx_word' id='word_1_107' title='bbox 1664 1558 1829 1623; x_wconf 85' lang='lat' dir='ltr'>nihil</span> <span class='ocrx_word' id='word_1_108' title='bbox 1866 1562 2039 1623; x_wconf 89' lang='lat' dir='ltr'>esset</span> <span class='ocrx_word' id='word_1_109' title='bbox 2081 1559 2153 1623; x_wconf 92' lang='lat' dir='ltr'>in</span> <span class='ocrx_word' id='word_1_110' title='bbox 2196 1579 2273 1624; x_wconf 90' lang='lat' dir='ltr'>eo</span> <span class='ocrx_word' id='word_1_111' title='bbox 2308 1559 2440 1625; x_wconf 88' lang='lat' dir='ltr'>nisi</span> <span class='ocrx_word' id='word_1_112' title='bbox 2470 1587 2515 1625; x_wconf 66' lang='grc' dir='ltr'>ιτ</span> 
     </span>
     <span class='ocr_line' id='line_1_18' title="bbox 424 1646 2440 1732; baseline 0 -21"><span class='ocrx_word' id='word_1_113' title='bbox 424 1647 518 1731; x_wconf 89' lang='lat' dir='ltr'>id,</span> <span class='ocrx_word' id='word_1_114' title='bbox 571 1650 646 1711; x_wconf 88' lang='lat' dir='ltr'>ut</span> <span class='ocrx_word' id='word_1_115' title='bbox 700 1668 815 1731; x_wconf 90' lang='lat' dir='ltr'>per</span> <span class='ocrx_word' id='word_1_116' title='bbox 869 1667 1018 1711; x_wconf 91' lang='lat' dir='ltr'>eum</span> <span class='ocrx_word' id='word_1_117' title='bbox 1070 1646 1461 1732; x_wconf 81' lang='lat' dir='ltr'>viveremus,</span> <span class='ocrx_word' id='word_1_118' title='bbox 1514 1650 1652 1711; x_wconf 85' lang='lat' dir='ltr'>tam</span> <span class='ocrx_word' id='word_1_119' title='bbox 1695 1650 1931 1711; x_wconf 86' lang='lat' dir='ltr'>natura</span> <span class='ocrx_word' id='word_1_120' title='bbox 1978 1649 2279 1731; x_wconf 86' lang='lat' dir='ltr'>putarem</span> <span class='ocrx_word' id='word_1_121' title='bbox 2324 1646 2440 1712; x_wconf 89' lang='lat' dir='ltr'>ho-</span> 
     </span>
     <span class='ocr_line' id='line_1_19' title="bbox 425 1734 2437 1818; baseline 0 -19"><span class='ocrx_word' id='word_1_122' title='bbox 425 1735 620 1799; x_wconf 90' lang='lat' dir='ltr'>minis</span> <span class='ocrx_word' id='word_1_123' title='bbox 683 1735 886 1800; x_wconf 79' lang='lat' dir='ltr'>vitam</span> <span class='ocrx_word' id='word_1_124' title='bbox 949 1734 1300 1799; x_wconf 88' lang='lat' dir='ltr'>sustentari</span> <span class='ocrx_word' id='word_1_125' title='bbox 1376 1756 1570 1818; x_wconf 89' lang='lat' dir='ltr'>quam</span> <span class='ocrx_word' id='word_1_126' title='bbox 1640 1734 1823 1818; x_wconf 80' lang='lat' dir='ltr'>vitis,</span> <span class='ocrx_word' id='word_1_127' title='bbox 1895 1755 2087 1818; x_wconf 86' lang='lat' dir='ltr'>quam</span> <span class='ocrx_word' id='word_1_128' title='bbox 2161 1734 2437 1818; x_wconf 88' lang='lat' dir='ltr'>arboris;</span> 
     </span>
     <span class='ocr_line' id='line_1_20' title="bbox 424 1820 2438 1888; baseline 0 -1"><span class='ocrx_word' id='word_1_129' title='bbox 424 1823 584 1888; x_wconf 87' lang='lat' dir='ltr'>haec</span> <span class='ocrx_word' id='word_1_130' title='bbox 639 1823 813 1887; x_wconf 89' lang='lat' dir='ltr'>enim</span> <span class='ocrx_word' id='word_1_131' title='bbox 867 1822 1065 1887; x_wconf 87' lang='lat' dir='ltr'>etiam</span> <span class='ocrx_word' id='word_1_132' title='bbox 1120 1821 1395 1887; x_wconf 81' lang='lat' dir='ltr'><strong>dicimus</strong></span> <span class='ocrx_word' id='word_1_133' title='bbox 1449 1822 1679 1887; x_wconf 78' lang='lat' dir='ltr'>vivere.</span> <span class='ocrx_word' id='word_1_134' title='bbox 1774 1820 1943 1887; x_wconf 90' lang='lat' dir='ltr'>Item</span> <span class='ocrx_word' id='word_1_135' title='bbox 1999 1822 2055 1887; x_wconf 88' lang='lat' dir='ltr'>si</span> <span class='ocrx_word' id='word_1_136' title='bbox 2108 1822 2274 1886; x_wconf 88' lang='lat' dir='ltr'>nihil</span> <span class='ocrx_word' id='word_1_137' title='bbox 2333 1822 2438 1888; x_wconf 86' lang='lat' dir='ltr'>ha-</span> 
     </span>
     <span class='ocr_line' id='line_1_21' title="bbox 424 1908 2438 1995; baseline -0 -19"><span class='ocrx_word' id='word_1_138' title='bbox 424 1911 607 1976; x_wconf 87' lang='lat' dir='ltr'>beret</span> <span class='ocrx_word' id='word_1_139' title='bbox 651 1910 905 1975; x_wconf 88' lang='lat' dir='ltr'>animus</span> <span class='ocrx_word' id='word_1_140' title='bbox 957 1908 1240 1975; x_wconf 87' lang='lat' dir='ltr'>hominis</span> <span class='ocrx_word' id='word_1_141' title='bbox 1249 1960 1268 1994; x_wconf 95' lang='lat'>,</span> <span class='ocrx_word' id='word_1_142' title='bbox 1320 1909 1451 1974; x_wconf 76' lang='lat' dir='ltr'>nisi</span> <span class='ocrx_word' id='word_1_143' title='bbox 1494 1913 1569 1974; x_wconf 91' lang='lat' dir='ltr'>ut</span> <span class='ocrx_word' id='word_1_144' title='bbox 1628 1914 1957 1993; x_wconf 84' lang='lat' dir='ltr'>appeteret</span> <span class='ocrx_word' id='word_1_145' title='bbox 2010 1912 2124 1974; x_wconf 91' lang='lat' dir='ltr'>aut</span> <span class='ocrx_word' id='word_1_146' title='bbox 2165 1910 2438 1995; x_wconf 83' lang='lat' dir='ltr'>fugeret,</span> 
     </span>
     <span class='ocr_line' id='line_1_22' title="bbox 426 1996 2503 2098; baseline -0 -35"><span class='ocrx_word' id='word_1_147' title='bbox 426 1998 493 2063; x_wconf 93' lang='lat' dir='ltr'>id</span> <span class='ocrx_word' id='word_1_148' title='bbox 557 2018 809 2082; x_wconf 88' lang='lat' dir='ltr'>quoque</span> <span class='ocrx_word' id='word_1_149' title='bbox 873 2000 1043 2062; x_wconf 87' lang='lat' dir='ltr'>esset</span> <span class='ocrx_word' id='word_1_150' title='bbox 1103 1997 1161 2062; x_wconf 90' lang='lat' dir='ltr'>ei</span> <span class='ocrx_word' id='word_1_151' title='bbox 1235 2018 1571 2065; x_wconf 89' lang='lat' dir='ltr'>commune</span> <span class='ocrx_word' id='word_1_152' title='bbox 1643 2017 1786 2063; x_wconf 91' lang='lat' dir='ltr'>cum</span> <span class='ocrx_word' id='word_1_153' title='bbox 1857 1997 2103 2063; x_wconf 88' lang='lat' dir='ltr'>bestiis.</span> <span class='ocrx_word' id='word_1_154' title='bbox 2155 2084 2169 2098; x_wconf 91' lang='lat'><strong>.</strong></span> <span class='ocrx_word' id='word_1_155' title='bbox 2218 1996 2436 2063; x_wconf 86' lang='lat' dir='ltr'>Habet</span> <span class='ocrx_word' id='word_1_156' title='bbox 2459 2024 2503 2062; x_wconf 75' lang='grc' dir='ltr'>ιο</span> 
     </span>
     <span class='ocr_line' id='line_1_23' title="bbox 425 2088 2439 2257; baseline 0.001 -20"><span class='ocrx_word' id='word_1_157' title='bbox 425 2088 1292 2257; x_wconf 32' lang='lat' dir='ltr'>{affulg&#39;mgssffissffiheffl</span> <span class='ocrx_word' id='word_1_158' title='bbox 1327 2107 1520 2237; x_wconf 48' lang='lat'>{³330</span> <span class='ocrx_word' id='word_1_159' title='bbox 1555 2088 2439 2239; x_wconf 42' lang='lat' dir='ltr'>recoiffdltidielgffeslslgussit</span> 
     </span>
     <span class='ocr_line' id='line_1_24' title="bbox 426 2259 2439 2351; baseline 0.001 -26"><span class='ocrx_word' id='word_1_160' title='bbox 426 2262 601 2326; x_wconf 84' lang='lat' dir='ltr'>vitae</span> <span class='ocrx_word' id='word_1_161' title='bbox 655 2260 1020 2344; x_wconf 83' lang='lat' dir='ltr'>superioris.</span> <span class='ocrx_word' id='word_1_162' title='bbox 1116 2259 1290 2326; x_wconf 87' lang='lat' dir='ltr'>Nam</span> <span class='ocrx_word' id='word_1_163' title='bbox 1346 2260 1415 2324; x_wconf 91' lang='lat' dir='ltr'>in</span> <span class='ocrx_word' id='word_1_164' title='bbox 1468 2260 1581 2325; x_wconf 92' lang='lat' dir='ltr'>illo</span> <span class='ocrx_word' id='word_1_165' title='bbox 1635 2261 1833 2345; x_wconf 81' lang='lat' dir='ltr'>libro,</span> <span class='ocrx_word' id='word_1_166' title='bbox 1891 2261 2004 2345; x_wconf 83' lang='lat' dir='ltr'>qui</span> <span class='ocrx_word' id='word_1_167' title='bbox 2066 2260 2439 2351; x_wconf 83' lang='lat' dir='ltr'>inscribitur</span> 
     </span>
     <span class='ocr_line' id='line_1_25' title="bbox 427 2346 2437 2434; baseline 0.001 -21"><span class='ocrx_word' id='word_1_168' title='bbox 427 2348 694 2428; x_wconf 89' lang='lat' dir='ltr'>Menon,</span> <span class='ocrx_word' id='word_1_169' title='bbox 751 2348 1087 2433; x_wconf 88' lang='lat' dir='ltr'>pusionem</span> <span class='ocrx_word' id='word_1_170' title='bbox 1135 2348 1455 2431; x_wconf 84' lang='lat' dir='ltr'>quendam</span> <span class='ocrx_word' id='word_1_171' title='bbox 1500 2346 1798 2414; x_wconf 77' lang='lat' dir='ltr'>Socrates</span> <span class='ocrx_word' id='word_1_172' title='bbox 1842 2349 2204 2434; x_wconf 86' lang='lat' dir='ltr'>interrogat</span> <span class='ocrx_word' id='word_1_173' title='bbox 2248 2370 2437 2433; x_wconf 80' lang='lat' dir='ltr'>quae·</span> 
     </span>
     <span class='ocr_line' id='line_1_26' title="bbox 427 2434 2507 2523; baseline -0 -22"><span class='ocrx_word' id='word_1_174' title='bbox 427 2437 576 2502; x_wconf 86' lang='lat' dir='ltr'>dam</span> <span class='ocrx_word' id='word_1_175' title='bbox 622 2434 1013 2523; x_wconf 82' lang='lat' dir='ltr'>geometrica</span> <span class='ocrx_word' id='word_1_176' title='bbox 1067 2434 1144 2499; x_wconf 91' lang='lat' dir='ltr'>de</span> <span class='ocrx_word' id='word_1_177' title='bbox 1189 2435 1589 2501; x_wconf 78' lang='lat' dir='ltr'>dimensione</span> <span class='ocrx_word' id='word_1_178' title='bbox 1644 2436 1958 2520; x_wconf 89' lang='lat' dir='ltr'>quadrati.</span> <span class='ocrx_word' id='word_1_179' title='bbox 2054 2435 2160 2500; x_wconf 88' lang='lat' dir='ltr'>Ad</span> <span class='ocrx_word' id='word_1_180' title='bbox 2216 2458 2295 2501; x_wconf 84' lang='lat' dir='ltr'>ea</span> <span class='ocrx_word' id='word_1_181' title='bbox 2349 2438 2441 2502; x_wconf 87' lang='lat' dir='ltr'>sic</span> <span class='ocrx_word' id='word_1_182' title='bbox 2462 2463 2507 2500; x_wconf 77' lang='lat'>25</span> 
     </span>
     <span class='ocr_line' id='line_1_27' title="bbox 426 2523 2441 2608; baseline -0 -18"><span class='ocrx_word' id='word_1_183' title='bbox 426 2525 537 2590; x_wconf 81' lang='lat' dir='ltr'>ille</span> <span class='ocrx_word' id='word_1_184' title='bbox 600 2523 976 2608; x_wconf 77' lang='lat' dir='ltr'>respondet,</span> <span class='ocrx_word' id='word_1_185' title='bbox 1038 2525 1113 2587; x_wconf 91' lang='lat' dir='ltr'>ut</span> <span class='ocrx_word' id='word_1_186' title='bbox 1174 2545 1360 2607; x_wconf 88' lang='lat' dir='ltr'>puer,</span> <span class='ocrx_word' id='word_1_187' title='bbox 1426 2528 1491 2589; x_wconf 89' lang='lat' dir='ltr'>et</span> <span class='ocrx_word' id='word_1_188' title='bbox 1540 2525 1765 2590; x_wconf 85' lang='lat' dir='ltr'>tamen</span> <span class='ocrx_word' id='word_1_189' title='bbox 1815 2524 1913 2589; x_wconf 89' lang='lat' dir='ltr'>ita</span> <span class='ocrx_word' id='word_1_190' title='bbox 1963 2523 2185 2589; x_wconf 81' lang='lat' dir='ltr'>faciles</span> <span class='ocrx_word' id='word_1_191' title='bbox 2240 2524 2441 2590; x_wconf 87' lang='lat' dir='ltr'>inter-</span> 
     </span>
     <span class='ocr_line' id='line_1_28' title="bbox 426 2611 2441 2698; baseline -0 -20"><span class='ocrx_word' id='word_1_192' title='bbox 426 2612 798 2698; x_wconf 73' lang='lat' dir='ltr'>rogationes</span> <span class='ocrx_word' id='word_1_193' title='bbox 855 2614 1030 2695; x_wconf 91' lang='lat' dir='ltr'>sunt,</span> <span class='ocrx_word' id='word_1_194' title='bbox 1082 2614 1160 2676; x_wconf 89' lang='lat' dir='ltr'>ut</span> <span class='ocrx_word' id='word_1_195' title='bbox 1211 2612 1535 2697; x_wconf 81' lang='lat' dir='ltr'>gradatim</span> <span class='ocrx_word' id='word_1_196' title='bbox 1578 2612 1973 2696; x_wconf 85' lang='lat' dir='ltr'>respondens</span> <span class='ocrx_word' id='word_1_197' title='bbox 2021 2611 2245 2677; x_wconf 89' lang='lat' dir='ltr'>eodem</span> <span class='ocrx_word' id='word_1_198' title='bbox 2300 2634 2441 2696; x_wconf 89' lang='lat' dir='ltr'>per-</span> 
     </span>
     <span class='ocr_line' id='line_1_29' title="bbox 426 2699 2440 2784; baseline 0 -19"><span class='ocrx_word' id='word_1_199' title='bbox 426 2700 669 2784; x_wconf 82' lang='lat' dir='ltr'>veniat,</span> <span class='ocrx_word' id='word_1_200' title='bbox 723 2720 846 2783; x_wconf 91' lang='lat' dir='ltr'>quo</span> <span class='ocrx_word' id='word_1_201' title='bbox 903 2699 962 2764; x_wconf 89' lang='lat' dir='ltr'>si</span> <span class='ocrx_word' id='word_1_202' title='bbox 1015 2700 1413 2784; x_wconf 84' lang='lat' dir='ltr'>geometrica</span> <span class='ocrx_word' id='word_1_203' title='bbox 1467 2699 1815 2765; x_wconf 75' lang='lat' dir='ltr'>didicisset,</span> <span class='ocrx_word' id='word_1_204' title='bbox 1912 2699 2015 2765; x_wconf 84' lang='lat' dir='ltr'>Ex</span> <span class='ocrx_word' id='word_1_205' title='bbox 2078 2720 2206 2783; x_wconf 88' lang='lat' dir='ltr'>quo</span> <span class='ocrx_word' id='word_1_206' title='bbox 2272 2699 2440 2765; x_wconf 88' lang='lat' dir='ltr'>effici</span> 
     </span>
     <span class='ocr_line' id='line_1_30' title="bbox 426 2786 2445 2871; baseline 0 -19"><span class='ocrx_word' id='word_1_207' title='bbox 426 2788 567 2852; x_wconf 89' lang='lat' dir='ltr'>volt</span> <span class='ocrx_word' id='word_1_208' title='bbox 611 2786 935 2871; x_wconf 83' lang='lat' dir='ltr'>Socrates,</span> <span class='ocrx_word' id='word_1_209' title='bbox 979 2790 1056 2852; x_wconf 87' lang='lat' dir='ltr'>ut</span> <span class='ocrx_word' id='word_1_210' title='bbox 1099 2787 1345 2853; x_wconf 83' lang='lat' dir='ltr'>discere</span> <span class='ocrx_word' id='word_1_211' title='bbox 1383 2786 1549 2852; x_wconf 86' lang='lat' dir='ltr'>nihil</span> <span class='ocrx_word' id='word_1_212' title='bbox 1595 2787 1771 2852; x_wconf 91' lang='lat' dir='ltr'>aliud</span> <span class='ocrx_word' id='word_1_213' title='bbox 1810 2788 1897 2851; x_wconf 85' lang='lat' dir='ltr'>sit</span> <span class='ocrx_word' id='word_1_214' title='bbox 1929 2787 2062 2852; x_wconf 90' lang='lat' dir='ltr'>nisi</span> <span class='ocrx_word' id='word_1_215' title='bbox 2096 2788 2445 2853; x_wconf 88' lang='lat' dir='ltr'>recordari.</span> 
     </span>
     <span class='ocr_line' id='line_1_31' title="bbox 428 2874 2513 2959; baseline 0 -21"><span class='ocrx_word' id='word_1_216' title='bbox 428 2874 633 2951; x_wconf 83' lang='lat' dir='ltr'>Quem</span> <span class='ocrx_word' id='word_1_217' title='bbox 687 2874 902 2940; x_wconf 90' lang='lat' dir='ltr'>locum</span> <span class='ocrx_word' id='word_1_218' title='bbox 955 2876 1160 2940; x_wconf 81' lang='lat' dir='ltr'>multo</span> <span class='ocrx_word' id='word_1_219' title='bbox 1215 2875 1413 2940; x_wconf 83' lang='lat' dir='ltr'>etiam</span> <span class='ocrx_word' id='word_1_220' title='bbox 1466 2876 1825 2941; x_wconf 87' lang='lat' dir='ltr'>accuratius</span> <span class='ocrx_word' id='word_1_221' title='bbox 1889 2874 2172 2959; x_wconf 86' lang='lat' dir='ltr'>explicat</span> <span class='ocrx_word' id='word_1_222' title='bbox 2234 2875 2309 2941; x_wconf 89' lang='lat' dir='ltr'>in</span> <span class='ocrx_word' id='word_1_223' title='bbox 2366 2897 2443 2941; x_wconf 88' lang='lat' dir='ltr'>eo</span> <span class='ocrx_word' id='word_1_224' title='bbox 2468 2900 2513 2939; x_wconf 70' lang='grc' dir='ltr'><em>ω</em></span> 
     </span>
     <span class='ocr_line' id='line_1_32' title="bbox 429 2961 2447 3047; baseline 0 -19"><span class='ocrx_word' id='word_1_225' title='bbox 429 2983 752 3047; x_wconf 88' lang='lat' dir='ltr'>sermone,</span> <span class='ocrx_word' id='word_1_226' title='bbox 813 2983 1003 3046; x_wconf 90' lang='lat' dir='ltr'>quem</span> <span class='ocrx_word' id='word_1_227' title='bbox 1069 2961 1302 3027; x_wconf 86' lang='lat' dir='ltr'>habuit</span> <span class='ocrx_word' id='word_1_228' title='bbox 1356 2984 1433 3028; x_wconf 89' lang='lat' dir='ltr'>eo</span> <span class='ocrx_word' id='word_1_229' title='bbox 1485 2962 1630 3046; x_wconf 88' lang='lat' dir='ltr'>ipso</span> <span class='ocrx_word' id='word_1_230' title='bbox 1695 2962 1825 3046; x_wconf 87' lang='lat' dir='ltr'>die,</span> <span class='ocrx_word' id='word_1_231' title='bbox 1888 2985 2015 3047; x_wconf 88' lang='lat' dir='ltr'>quo</span> <span class='ocrx_word' id='word_1_232' title='bbox 2079 2963 2356 3029; x_wconf 83' lang='lat' dir='ltr'>excessit</span> <span class='ocrx_word' id='word_1_233' title='bbox 2412 2985 2447 3028; x_wconf 94' lang='lat' dir='ltr'>e</span> 
     </span>
     <span class='ocr_line' id='line_1_33' title="bbox 427 3050 2448 3134; baseline 0 -19"><span class='ocrx_word' id='word_1_234' title='bbox 427 3050 588 3134; x_wconf 81' lang='lat' dir='ltr'>vita3</span> <span class='ocrx_word' id='word_1_235' title='bbox 646 3050 834 3115; x_wconf 87' lang='lat' dir='ltr'>docet</span> <span class='ocrx_word' id='word_1_236' title='bbox 889 3050 1065 3113; x_wconf 89' lang='lat' dir='ltr'>enim</span> <span class='ocrx_word' id='word_1_237' title='bbox 1121 3051 1444 3133; x_wconf 85' lang='lat' dir='ltr'>quemvis,</span> <span class='ocrx_word' id='word_1_238' title='bbox 1499 3050 1609 3134; x_wconf 88' lang='lat' dir='ltr'>qui</span> <span class='ocrx_word' id='word_1_239' title='bbox 1662 3050 1949 3116; x_wconf 87' lang='lat' dir='ltr'>omnium</span> <span class='ocrx_word' id='word_1_240' title='bbox 1999 3072 2219 3117; x_wconf 87' lang='lat' dir='ltr'>rerum</span> <span class='ocrx_word' id='word_1_241' title='bbox 2264 3051 2448 3116; x_wconf 87' lang='lat' dir='ltr'>rudis</span> 
     </span>
     <span class='ocr_line' id='line_1_34' title="bbox 428 3136 2451 3224; baseline 0 -21"><span class='ocrx_word' id='word_1_242' title='bbox 428 3159 570 3203; x_wconf 88' lang='lat' dir='ltr'>esse</span> <span class='ocrx_word' id='word_1_243' title='bbox 597 3137 906 3219; x_wconf 82' lang='lat' dir='ltr'>videatur,</span> <span class='ocrx_word' id='word_1_244' title='bbox 941 3136 1104 3203; x_wconf 89' lang='lat' dir='ltr'>bene</span> <span class='ocrx_word' id='word_1_245' title='bbox 1139 3137 1567 3224; x_wconf 77' lang='lat' dir='ltr'>interroganti</span> <span class='ocrx_word' id='word_1_246' title='bbox 1592 3139 2086 3223; x_wconf 86' lang='lat' dir='ltr'>respondentem</span> <span class='ocrx_word' id='word_1_247' title='bbox 2118 3139 2451 3205; x_wconf 85' lang='lat' dir='ltr'>declarare</span> 
     </span>
     <span class='ocr_line' id='line_1_35' title="bbox 429 3223 2452 3311; baseline 0.001 -21"><span class='ocrx_word' id='word_1_248' title='bbox 429 3247 498 3291; x_wconf 89' lang='lat' dir='ltr'>se</span> <span class='ocrx_word' id='word_1_249' title='bbox 533 3246 666 3289; x_wconf 95' lang='lat' dir='ltr'>non</span> <span class='ocrx_word' id='word_1_250' title='bbox 700 3229 841 3289; x_wconf 85' lang='lat' dir='ltr'>tum</span> <span class='ocrx_word' id='word_1_251' title='bbox 877 3223 995 3288; x_wconf 88' lang='lat' dir='ltr'>illa</span> <span class='ocrx_word' id='word_1_252' title='bbox 1031 3223 1294 3309; x_wconf 78' lang='lat' dir='ltr'>discere,</span> <span class='ocrx_word' id='word_1_253' title='bbox 1332 3226 1445 3291; x_wconf 88' lang='lat' dir='ltr'>sed</span> <span class='ocrx_word' id='word_1_254' title='bbox 1470 3226 1937 3292; x_wconf 90' lang='lat' dir='ltr'>reminiscendo</span> <span class='ocrx_word' id='word_1_255' title='bbox 1962 3246 2452 3311; x_wconf 83' lang='lat' dir='ltr'>recognoscere,</span> 
     </span>
     <span class='ocr_line' id='line_1_36' title="bbox 427 3310 2523 3399; baseline 0.002 -23"><span class='ocrx_word' id='word_1_256' title='bbox 427 3332 547 3377; x_wconf 89' lang='lat' dir='ltr'>nec</span> <span class='ocrx_word' id='word_1_257' title='bbox 582 3332 736 3375; x_wconf 78' lang='lat' dir='ltr'>vero</span> <span class='ocrx_word' id='word_1_258' title='bbox 782 3310 923 3374; x_wconf 88' lang='lat' dir='ltr'>fieri</span> <span class='ocrx_word' id='word_1_259' title='bbox 957 3310 1095 3376; x_wconf 89' lang='lat' dir='ltr'>ullo</span> <span class='ocrx_word' id='word_1_260' title='bbox 1130 3313 1324 3379; x_wconf 91' lang='lat' dir='ltr'>modo</span> <span class='ocrx_word' id='word_1_261' title='bbox 1369 3336 1588 3398; x_wconf 89' lang='lat' dir='ltr'>posse,</span> <span class='ocrx_word' id='word_1_262' title='bbox 1632 3318 1707 3380; x_wconf 90' lang='lat' dir='ltr'>ut</span> <span class='ocrx_word' id='word_1_263' title='bbox 1742 3337 1783 3379; x_wconf 91' lang='lat' dir='ltr'>a</span> <span class='ocrx_word' id='word_1_264' title='bbox 1826 3315 2044 3399; x_wconf 85' lang='lat' dir='ltr'>pueris</span> <span class='ocrx_word' id='word_1_265' title='bbox 2088 3319 2192 3381; x_wconf 90' lang='lat' dir='ltr'>tot</span> <span class='ocrx_word' id='word_1_266' title='bbox 2225 3337 2453 3381; x_wconf 89' lang='lat' dir='ltr'>rerum</span> <span class='ocrx_word' id='word_1_267' title='bbox 2476 3339 2523 3381; x_wconf 60' lang='grc' dir='ltr'>εει</span> 
     </span>
     <span class='ocr_line' id='line_1_37' title="bbox 429 3399 2455 3488; baseline 0.003 -25"><span class='ocrx_word' id='word_1_268' title='bbox 429 3401 622 3483; x_wconf 83' lang='lat' dir='ltr'>atque</span> <span class='ocrx_word' id='word_1_269' title='bbox 665 3400 998 3463; x_wconf 83' lang='lat' dir='ltr'>tantarum</span> <span class='ocrx_word' id='word_1_270' title='bbox 1040 3399 1273 3465; x_wconf 90' lang='lat' dir='ltr'>insitas</span> <span class='ocrx_word' id='word_1_271' title='bbox 1312 3404 1379 3465; x_wconf 89' lang='lat' dir='ltr'>et</span> <span class='ocrx_word' id='word_1_272' title='bbox 1422 3402 1609 3485; x_wconf 86' lang='lat' dir='ltr'>quasi</span> <span class='ocrx_word' id='word_1_273' title='bbox 1644 3403 2063 3488; x_wconf 83' lang='lat' dir='ltr'>consignatas</span> <span class='ocrx_word' id='word_1_274' title='bbox 2098 3402 2170 3468; x_wconf 92' lang='lat' dir='ltr'>in</span> <span class='ocrx_word' id='word_1_275' title='bbox 2207 3404 2455 3469; x_wconf 87' lang='lat' dir='ltr'>animis</span> 
     </span>
     <span class='ocr_line' id='line_1_38' title="bbox 423 3484 2456 3577; baseline 0.003 -27"><span class='ocrx_word' id='word_1_276' title='bbox 423 3486 754 3570; x_wconf 87' lang='lat' dir='ltr'>notiones,</span> <span class='ocrx_word' id='word_1_277' title='bbox 810 3506 970 3569; x_wconf 89' lang='lat' dir='ltr'>quas</span> <span class='ocrx_word' id='word_1_278' title='bbox 1027 3484 1292 3563; x_wconf 80' lang='grc' dir='ltr'>ἐννοίας</span> <span class='ocrx_word' id='word_1_279' title='bbox 1348 3493 1610 3574; x_wconf 79' lang='lat' dir='ltr'>vocant,</span> <span class='ocrx_word' id='word_1_280' title='bbox 1662 3490 2075 3577; x_wconf 86' lang='lat' dir='ltr'>haberemus,</span> <span class='ocrx_word' id='word_1_281' title='bbox 2126 3490 2259 3557; x_wconf 89' lang='lat' dir='ltr'>nisi</span> <span class='ocrx_word' id='word_1_282' title='bbox 2316 3492 2456 3557; x_wconf 87' lang='lat' dir='ltr'>ani·</span> 
     </span>
    </p>
   </div>
   <div class='ocr_carea' id='block_1_5' title="bbox 2567 2 2572 1167">
    <p class='ocr_par' dir='ltr' id='par_1_7' title="bbox 2567 2 2572 1167">
     <span class='ocr_line' id='line_1_39' title="bbox 2567 2 2572 1167; baseline 0 0"><span class='ocrx_word' id='word_1_283' title='bbox 2567 2 2572 1167; x_wconf 95' lang='lat' dir='ltr'> </span> 
     </span>
    </p>
   </div>
  </div>
 </body>
</html>
