2609 3884
395 166 486 230 44
930 164 1519 221 ACADEMJCORUM
1552 164 1889 221 PRIORUM

397 327 737 392 insaniam.
824 326 998 391 Nam
1045 327 1127 391 ab
1174 326 1475 391 omnibus
1522 327 1808 391 eiusdem
1854 327 2031 391 modi
2076 327 2243 392 visis
2287 350 2427 412 per·

401 416 840 499 spicuitatem,
895 437 1087 500 quam
1142 415 1463 480 mordicus
1519 418 1739 479 tenere
1802 415 2109 480 debemus
2118 465 2136 499 ,
2198 416 2426 481 abesse

401 503 703 569 dicemus.
798 503 956 580 Quis
1003 503 1204 586 enim,
1249 525 1395 568 cum
1440 503 1568 567 sibi
1611 503 1802 587 fingit
1846 503 2094 588 aliquid
2141 507 2211 567 et
2256 506 2428 589 cogi·
2552 525 2554 536 ·

398 591 648 657 tatione
710 591 1034 675 depingit,
1109 612 1267 675 non,
1332 591 1526 655 simul
1590 612 1666 655 ac
1730 611 1799 654 se
1861 592 2003 674 ipse
2067 595 2429 657 commovit

399 683 594 764 atque
641 680 724 744 ad
769 701 837 743 se
882 679 1234 762 revocavit,
1279 680 1505 760 sentit,
1561 678 1715 763 quid
1758 679 2018 742 intersit
2060 679 2239 744 inter
2283 702 2425 762 per·
2456 707 2485 747 5

399 769 622 851 spicua
667 770 733 831 et
773 767 1038 831 inania?
1109 766 1359 830 Eadem
1396 767 1566 832 ratio
1604 769 1705 831 est
1749 767 2164 831 somniorum.
2249 766 2429 833 Num
2558 813 2560 816 <

398 877 622 920 censes
682 854 996 937 Ennium,
1060 876 1206 920 cum
1278 855 1350 918 in
1421 853 1631 919 hortis
1695 875 1842 918 cum
1907 853 2125 920 Servio
2192 855 2429 940 Galba,

393 944 610 1008 vicino
677 965 821 1026 suo,
885 943 1380 1025 ambulavisset,
1433 942 1699 1006 dixisse:
1782 941 2005 1008 ‘Visus
2065 965 2214 1008 sum
2265 945 2430 1009 mihi
2562 1004 2564 1020 ,

396 1051 543 1095 cum
572 1030 786 1096 Galba
813 1029 1218 1095 ambulare'?
1288 1030 1383 1094 At
1411 1052 1556 1095 cum
1586 1031 1954 1115 somniavit,
1978 1032 2075 1095 ita
2099 1035 2427 1098 narravit:
2562 1027 2564 1034 ’

618 1212 940 1229 ........
968 1163 1181 1227 visus
1225 1161 1609 1228 Homerus
1656 1163 1925 1229 adesse
1970 1167 2218 1247 poeta.
2456 1192 2507 1231 10
2566 1237 2569 1290 Ν

395 1293 701 1380 Idemque
744 1296 818 1360 in
860 1294 1286 1380 Epicharmo:
2567 1291 2568 1302 ’

396 1425 588 1494 Nam
625 1427 946 1492 videbar
993 1427 1375 1492 s6mniare
1422 1427 1586 1493 med
1632 1448 1769 1512 ego
1818 1447 1985 1490 esse
2020 1428 2429 1494 mortuum.

394 1557 652 1645 Itaque,
727 1559 923 1625 simul
985 1562 1060 1624 ut
1124 1559 1479 1642 experrecti
1552 1579 1801 1642 sumus,
1862 1559 2005 1622 visa
2079 1559 2199 1624 illa
2273 1581 2427 1625 con-

395 1648 746 1712 temnimus
808 1667 1018 1731 neque
1081 1648 1178 1711 ita
1229 1647 1571 1730 habemus,
1634 1650 1709 1710 ut
1762 1667 1866 1730 ea,
1931 1667 2094 1730 quae
2147 1648 2223 1712 in
2276 1648 2427 1714 foro

292 1701 375 1826 ἐξ
397 1735 740 1836 gessimus.
853 1735 948 1799 At
1008 1735 1206 1818 enim,
1270 1734 1424 1798 dum
1486 1734 1810 1818 videntur,
1883 1734 2103 1799 eadem
2178 1739 2283 1800 est
2354 1737 2426 1801 in
2454 1763 2503 1804 15

398 1823 643 1887 somnis
709 1823 954 1907 species
1027 1843 1388 1904 eorumque,
1466 1844 1631 1906 quae
1691 1821 2039 1907 vigilantes
2109 1823 2428 1891 videmus.

393 1910 686 1975 Primum
738 1913 1038 1996 interest3
1096 1911 1208 1975 sed
1262 1911 1330 1975 id
1377 1912 1780 2012 omittamu83
1838 1910 2003 1975 illud
2048 1911 2222 1975 enim
2266 1912 2426 1977 dici·
2576 1936 2581 2040 4

396 2020 568 2082 mus,
630 2020 763 2063 non
817 1998 1085 2064 eandem
1141 2020 1282 2063 esse
1342 1999 1477 2063 vim
1521 2020 1727 2085 neque
1787 1998 2231 2083 integritatem
2275 2000 2426 2065 dor-

395 2086 734 2150 mientium
790 2090 856 2151 et
907 2087 1323 2172 vigilantium
1376 2107 1495 2152 nec
1548 2089 1763 2152 mente
1815 2107 1937 2152 nec
2001 2108 2211 2153 sensu.
2318 2087 2425 2154 Ne

394 2173 709 2238 vinulenti
762 2173 1015 2259 quidem
1031 2225 1049 2259 ,
1107 2196 1272 2258 quae
1330 2174 1606 2257 faciunt,
1665 2174 1890 2239 eadem
1948 2174 2419 2258 adprobatione
2450 2204 2504 2244 20

393 2261 668 2346 faciunt,
734 2285 860 2347 qua
915 2263 1144 2348 sobrii3
1199 2262 1527 2347 dubitant,
1583 2262 1940 2346 haesitant,
1994 2267 2302 2328 revocant
2354 2286 2423 2329 se

389 2349 720 2414 interdum
745 2351 969 2436 iisque,
995 2372 1159 2435 quae
1185 2351 1505 2433 videntur,
1531 2350 1921 2415 imbecillius
1950 2350 2423 2436 adsentiuntur,

395 2459 665 2522 cumque
722 2439 1225 2522 edormiverunt,
1286 2439 1403 2502 illa
1463 2438 1605 2502 visa
1665 2460 1889 2522 quam·
1922 2439 2095 2502 levia
2154 2438 2421 2524 fuerint,

394 2525 797 2612 intellegunt.
907 2525 1094 2603 Quod
1145 2525 1318 2591 idem
1374 2526 1693 2611 contingit
1747 2524 2020 2610 insaniet,
2073 2529 2148 2590 ut
2201 2530 2270 2590 et
2326 2528 2423 2592 in-

395 2615 702 2697 cipientes
748 2616 960 2680 furere
1023 2615 1306 2678 sentiant
1361 2617 1427 2679 et
1480 2613 1697 2679 dicant
1742 2614 2013 2698 aliquid,
2072 2615 2244 2698 quod
2287 2636 2422 2681 non
2450 2643 2504 2684 25

395 2702 508 2786 sit,
561 2702 629 2767 id
683 2704 887 2768 videri
934 2701 1060 2767 sibi
1115 2705 1209 2784 et,
1255 2723 1402 2766 cum
1446 2702 1843 2786 relaxentur,
1891 2702 2173 2766 sentiant
2222 2706 2423 2788 atque

393 2788 508 2852 illa
555 2789 775 2854 dicant
818 2790 1270 2854 Alcmaeonis:

562 2916 703 2984 sed
745 2920 935 2985 mihi
976 2919 1425 3003 neutiquam
1474 2923 1602 2986 cor
1648 2922 2044 2986 consentit
2087 2944 2253 2987 cum

973 3007 1373 3073 6culorum
1421 3013 1831 3093 aspectu..

287 3151 353 3201 53
391 3137 485 3201 At
536 3137 709 3202 enim
763 3137 904 3221 ipse
970 3139 1226 3224 sapiens
1283 3141 1563 3204 sustinet
1626 3162 1721 3225 se,
1776 3141 1846 3207 in
1906 3141 2123 3206 furore
2170 3163 2253 3206 ne
2311 3143 2422 3208 ad·
2448 3171 2500 3212 so

388 3226 620 3309 probet
681 3225 851 3290 falsa
903 3249 1023 3312 pro
1087 3228 1272 3294 veris.
1379 3212 1471 3293 Et
1526 3227 1689 3292 alias
1757 3229 2016 3312 quidem
2080 3251 2299 3314 saepe,
2364 3233 2423 3296 si

389 3317 504 3376 aut
556 3314 624 3377 in
679 3315 976 3379 sensibus
1027 3316 1230 3399 ipsius
1287 3321 1389 3381 est
1442 3316 1659 3399 aliqua
1721 3316 1889 3380 forte
1952 3318 2238 3402 gravitas
2304 3322 2423 3383 aut

387 3399 684 3484 tarditas,
751 3406 863 3466 aut
917 3403 1289 3468 obscuriora
1344 3406 1521 3486 sunt,
1587 3424 1749 3486 quae
1814 3403 2143 3489 videntur,
2207 3408 2323 3469 aut
2376 3429 2420 3471 a

385 3488 831 3571 perspiciendo
869 3490 1180 3574 temporis
1217 3489 1535 3554 brevitate
1573 3490 1949 3558 excluditur.
2004 3492 2414 3576 Quamquam
