2609 3884
808 174 1235 231 ADNOTATIO
1275 175 1580 232 CRITICA.
2038 179 2218 234 XXIX

183 339 304 388 tum
340 334 539 388 habeat
581 332 726 387 Bait.
776 363 847 374 --
891 334 951 388 P.
993 341 1112 389 269.
1155 340 1222 390 15
1259 352 1397 403 quae
1431 335 1646 404 quidem
1693 336 1851 391 codd.
1890 337 2002 392 det.
2042 341 2115 407 et,
2154 341 2218 392 ui:
2248 378 2253 382 -

189 404 439 471 videtur,
475 405 541 471 E,
578 421 678 472 que
713 410 820 474 que
847 405 908 472 B,
947 421 1086 474 quae
1121 405 1405 485 [quidem]
1432 405 1639 472 Madv.,
1676 409 1891 476 quidem
1928 409 2035 462 del.
2067 408 2213 464 Bait.

185 505 258 514 —
287 475 349 529 P.
379 480 499 528 269.
530 481 598 528 22
627 477 758 530 haec
782 491 884 543 pro
913 476 1012 530 hoc
1037 476 1183 529 Bait.
1213 476 1370 530 tacit.
1399 506 1470 517 —-
1497 476 1559 531 P.
1582 483 1701 532 269.
1724 483 1791 532 23
1819 479 1933 534 sint
1958 478 2103 534 Bait.
2126 481 2213 534 ed.

187 544 324 598 min.
371 545 439 599 V.
469 545 542 598 ad
568 562 623 614 p.
659 552 774 600 106.
805 551 890 599 35.
919 576 990 586 —
1014 545 1074 599 P.
1106 551 1226 601 269.
1257 552 1328 601 30
1364 548 1617 602 accessit
1651 548 1866 617 scripsi,
1903 553 2218 605 accesserit

189 615 352 669 codd.
384 617 442 669 eb
471 616 656 684 editt.;
685 615 755 670 cf.
773 633 828 684 p.
849 621 970 670 393.
1001 621 1086 682 27,
1116 622 1238 670 216.
1269 622 1355 671 20.
1384 647 1455 658 -—
1482 617 1545 672 P.
1573 623 1692 673 269.
1722 624 1790 673 31
1818 620 1993 688 iyitur
2020 620 2218 690 scripsi

187 687 296 752 (ita
309 688 356 753 9)
393 690 444 740 et
471 685 649 754 codd.,
685 691 723 753 †
751 691 802 740 et
826 686 1012 741 Madv.
1045 688 1102 741 et
1135 687 1280 741 Bait.
1322 687 1409 742 ed.
1444 687 1565 757 Or.,
1601 704 1726 757 erqo
1755 689 1841 743 ed.
1871 690 2117 745 Tauchn.
2150 721 2217 730 —-

187 754 248 808 P.
281 761 403 810 270.
433 762 502 810 22
557 772 664 811 esse
707 757 950 825 positam
994 755 1140 811 Bait.
1179 787 1250 797 —-
1284 755 1345 811 P.
1385 763 1505 812 271.
1545 763 1579 812 4
1624 763 1738 813 tam
1782 761 2055 814 docuerim
2103 761 2215 815 det.

188 826 372 891 codd.,
409 826 614 893 Madv„
651 831 764 881 tam
795 843 901 881 om.
931 825 1062 896 BE,
1099 843 1222 882 cum
1247 828 1523 884 docum-im
1551 859 1621 868 --
1644 843 1760 884 uon
1784 832 1997 899 maqis
2023 832 2220 886 habere

189 895 338 952 Bait.
378 926 450 936 -
485 897 546 950 P.
574 902 696 952 272.
727 901 758 950 3
795 913 1051 966 quaerere
1075 899 1329 953 nolumus
1362 897 1587 967 scripsi,
1626 915 2001 968 quaereremus
2038 901 2217 971 codd„

188 983 305 1020 non
349 983 662 1035 quaeremus
707 967 874 1034 Dav„
917 968 1130 1036 Madv.,
1177 965 1334 1022 Bait:
1370 998 1440 1010 —
1485 968 1548 1026 P.
1595 975 1715 1024 273.
1762 975 1829 1025 31
1877 972 1992 1025 siut
2036 972 2217 1039 codd„

188 1037 407 1104 Madv.,
461 1042 592 1092 suut
643 1036 779 1105 alii,
838 1037 1020 1105 Bam,
1083 1038 1151 1093 cf.
1208 1039 1282 1092 ad
1336 1056 1389 1108 p.
1448 1045 1535 1094 68.
1592 1045 1675 1095 14.
1730 1071 1803 1080 —
1854 1040 1916 1096 Ρ.
1973 1047 2091 1096 273.
2149 1049 2217 1097 32

181 1109 378 1177 potius
413 1123 578 1176 quam
613 1109 837 1176 aliquod
871 1107 1064 1162 Lamb.
1079 1151 1093 1175 ,
1130 1107 1278 1163 Bait.
1292 1151 1306 1176 ,
1343 1125 1509 1178 quam
1544 1111 1760 1179 aliquid
1794 1112 2061 1180 (aliquam
2091 1111 2216 1181 BE)

181 1180 377 1247 potius
413 1177 574 1232 codd.
589 1220 602 1243 ,
653 1178 804 1246 quod
838 1178 1043 1233 maluit
1076 1179 1325 1248 Madvig.
1371 1179 1653 1250 integrum
1696 1180 2011 1250 relinquere
2048 1200 2219 1250 quam

189 1249 276 1303 uti
317 1249 334 1276 ‘⁵
351 1248 667 1318 corrigendi
693 1264 900 1319 genere
927 1249 1159 1304 minime
1193 1250 1509 1319 probabili'
1526 1293 1539 1319 ,
1577 1251 1644 1304 ut
1672 1253 1860 1320 potius
1885 1253 2019 1307 ante
2054 1269 2219 1322 quam

187 1321 444 1388 poneret.
525 1321 775 1385 (Audebo
822 1321 967 1375 bona
1011 1321 1315 1388 appellare)
1356 1337 1454 1376 nec
1487 1321 1757 1388 fraudare
1798 1327 1969 1377 vetere
2002 1325 2221 1378 nomine

180 1391 376 1459 potius
431 1406 596 1459 quam
648 1405 848 1444 uovwm
901 1392 1182 1460 exquirere
1232 1391 1386 1445 recte
1443 1394 1501 1444 et
1551 1391 1759 1446 usitate
1806 1393 1923 1447 dici
1964 1410 2068 1463 pro
2121 1411 2221 1449 uec

187 1475 391 1514 novum
435 1476 628 1516 nomeu
672 1461 975 1530 exquirere,
1029 1462 1123 1516 sed
1166 1462 1360 1530 potius
1410 1467 1581 1516 vetere
1626 1478 1740 1516 nou
1791 1463 2063 1530 fraudare
2104 1482 2220 1519 non

190 1547 332 1599 opus
378 1529 665 1584 videretur
711 1546 1175 1598 commemorare,
1219 1530 1332 1586 nisi
1379 1533 1436 1587 et
1480 1532 1727 1602 Madvig.
1766 1535 2060 1604 potiusque
2103 1551 2219 1590 nou

187 1602 460 1668 fraudare
497 1601 796 1655 dicendum
829 1601 1002 1656 fuisse
1055 1601 1270 1656 diceret
1305 1603 1367 1656 et
1400 1601 1655 1657 Handius
1692 1603 1851 1658 Ture.
1887 1605 1967 1659 IV
2000 1623 2057 1674 p.
2096 1611 2217 1660 515.

190 1678 221 1725 7
259 1673 497 1741 negaret
530 1670 948 1740 imperitissime
987 1687 1327 1740 quemquam
1352 1687 1619 1741 umquam
1647 1672 1851 1728 dixisse
1884 1689 2000 1730 uon
2028 1678 2221 1743 potius

188 1771 257 1781 —
296 1759 464 1810 quam
499 1744 571 1810 (v.
611 1743 680 1796 de
718 1758 794 1796 or.
834 1742 888 1796 Π
925 1748 1008 1797 29.
1039 1748 1143 1796 126
1183 1759 1294 1810 ex.,
1332 1742 1445 1798 div.
1484 1742 1643 1798 Caec.
1675 1749 1724 1798 2.
1757 1749 1816 1812 5,
1854 1745 1987 1799 fam.
2017 1747 2070 1800 V
2105 1752 2156 1801 2.
2185 1752 2218 1800 8

189 1828 321 1950 25:22)
343 1813 528 1935 Μή»
543 1812 857 1938 vuffa
879 1812 1287 1939 ᾆῐίΐξνῑέεοξῑ
1324 1819 1509 1938 ¹341?
1522 1814 1873 1939 223⁶&ssssss
1886 1821 2219 1954 ⁶⁰issss²nz²z

190 1969 332 2022 opus
367 1952 594 2008 videtur
643 1969 760 2008 esee
773 1996 786 2023 ,
833 1969 1172 2022 quamquam
1215 1953 1492 2024 Madvigii
1535 1929 2059 2024 interpretationem
2105 1976 2220 2014 non

188 2023 424 2148 3323}
446 2023 572 2148 ..ξὲ
611 2023 1575 2164 ffiassai¹31⁶<⁰tuffi1³¹iuffffi0fflffi⁰
1592 2041 1743 2152 ..322ss
1777 2025 2071 2166 &3²55ssss
2120 2030 2219 2154 {bf

189 2164 414 2219 Munck.
460 2165 622 2234 Fulg.
667 2166 844 2234 myth.
889 2166 918 2219 I
939 2113 1022 2234 Ρ2,
1069 2166 1194 2222 Val.
1232 2166 1377 2220 Max.
1414 2167 1494 2221 III
1540 2173 1572 2221 2
1611 2169 1721 2222 exfi.
1762 2173 1793 2222 2
1842 2168 2067 2224 obscuro
2104 2170 2218 2225 loeo

190 2235 430 2291 abiectus
484 2235 585 2303 (IX
631 2241 662 2289 6
710 2238 817 2290 ext.
867 2241 898 2290 2
949 2237 1014 2291 iu
1054 2237 1343 2304 profundo
1392 2242 1682 2306 puteorum
1730 2238 2015 2295 abiciendo
2062 2241 2216 2294 recte

189 2306 550 2359 emendatum
602 2305 829 2361 videtur
871 2308 937 2361 in
975 2307 1351 2376 profundum
1404 2308 1498 2363 vel
1550 2309 1615 2363 in
1659 2309 1991 2378 profunda)
2006 2353 2021 2376 ,
2073 2311 2217 2379 Nep.

188 2375 374 2430 XXIII
404 2383 450 2431 9.
482 2383 514 2430 3
545 2393 628 2433 ex,
656 2382 872 2433 statuae
895 2377 960 2432 in
978 2379 1282 2446 propatulo
1309 2379 1460 2434 domi·
1485 2378 1671 2445 abicit,
1697 2377 1941 2434 Phaedr.
1969 2380 2049 2434 IV
2068 2387 2117 2435 2.
2150 2387 2219 2436 12

189 2448 418 2501 obscuro
461 2448 576 2502 loco
619 2447 837 2504 Abiecit
880 2449 1238 2518 ueqleqenter,
1285 2448 1411 2504 Sen.
1460 2464 1547 2518 ep.
1590 2454 1676 2504 94.
1714 2455 1783 2504 7ο
1826 2451 1927 2504 sub
1978 2452 2221 2507 alicuius

188 2517 407 2572 arboris
453 2519 691 2573 rusticae
731 2520 1004 2586 proiectus
1045 2520 1268 2586 mnbra,
1315 2535 1386 2573 ne
1434 2518 1843 2587 Capitolinum,
1892 2521 1928 2574 J
1928 2521 2003 2574 ul.
2042 2520 2219 2576 Obse-

187 2588 454 2655 quentem
471 2629 485 2656 ,
519 2587 879 2642 Lactantium
913 2591 1020 2644 etc.
1057 2605 1507 2644 commemorem.
1564 2590 1647 2643 Iu
1678 2606 1831 2644 mare
1865 2593 1971 2644 etc.
2010 2591 2219 2645 abicere

187 2660 244 2712 et
277 2659 530 2726 proicere
564 2659 761 2714 solitos
807 2675 926 2714 esse
974 2659 1158 2716 dicere
1193 2659 1425 2715 Latinos
1470 2659 1652 2714 multa
1702 2660 1909 2714 docent
1944 2662 2217 2730 exempla,

184 2729 370 2796 veluiz,
423 2729 488 2784 niz
521 2745 632 2784 uno
670 2731 896 2786 auctore
941 2731 1094 2798 utar,
1148 2730 1275 2786 Val.
1324 2731 1470 2787 Max.
1516 2731 1544 2784 I
1592 2737 1638 2785 1.
1681 2737 1773 2798 13,
1818 2730 1899 2785 VI
1944 2738 1972 2785 1
2020 2734 2126 2786 ext.
2169 2740 2217 2800 1,

183 2799 262 2854 VI
301 2805 334 2854 9
374 2801 484 2854 ext.
515 2805 548 2854 5
585 2802 838 2884 (anulum
872 2803 938 2856 iu
968 2802 1313 2871 profundum
1351 2801 1420 2855 de
1456 2801 1800 2870 Polycrate),
1846 2801 1901 2856 II
1940 2808 2023 2858 10.
2063 2811 2095 2858 6
2116 2806 2220 2885 sin

181 2871 1479 3024 ffissffldssznfflgzz‘ff'fffi.ss}.³&deig
1503 2877 1643 2998 ῗέἒὲ
1664 2878 1737 3012 ²10².
1774 2872 2215 3011 i‘ffflssgfsssss:

185 3027 272 3080 ap.
311 3011 500 3066 Madv.
539 3011 626 3067 ed.
654 3013 735 3068 III
769 3031 824 3083 p.
855 3013 1056 3081 LXIX,
1095 3019 1315 3082 auqeret
1352 3013 1615 3082 Schiche,
1658 3013 1849 3068 Herm.
1884 3014 1937 3068 X
1974 3021 2073 3069 381
2115 3032 2216 3084 sq.,

183 3083 462 3149 voluptate
495 3089 724 3138 maceret
755 3084 894 3138 boni
931 3084 1092 3138 codd.
1106 3127 1120 3152 ,
1163 3089 1369 3140 crearet
1401 3083 1547 3139 Bait.
1562 3125 1576 3151 ,
1612 3088 1650 3150 †
1687 3085 1885 3140 acciret
1918 3085 2106 3141 Madv.
2145 3116 2215 3127 —

182 3150 243 3204 P.
275 3157 397 3206 275.
429 3159 461 3208 6
499 3153 813 3222 Epicureus
849 3155 1064 3224 Madv.,
1102 3155 1390 3223 Epicurus
1417 3155 1579 3210 codd.
1607 3152 1653 3207 B
1673 3155 1747 3222 E,
1784 3155 2030 3222 Epicuri
2060 3156 2213 3224 vulg.

184 3252 250 3262 —
286 3221 352 3275 P.
395 3229 518 3278 275.
559 3231 626 3278 16
685 3241 795 3280 esse
840 3227 1020 3280 beatos
1065 3226 1224 3279 codd.
1273 3224 1413 3293 ΒΕ,
1460 3225 1671 3294 Madv„
1718 3227 1899 3280 beatos
1942 3241 2050 3280 esee
2100 3227 2212 3280 det.

183 3293 372 3362 codd,
409 3293 557 3348 Bait.
597 3323 665 3334 --
700 3295 766 3350 P.
795 3301 916 3351 275.
948 3302 1016 3352 28
1052 3297 1192 3362 fuit
1227 3299 1407 3352 oratio
1441 3296 1656 3366 Madv„
1707 3295 1854 3350 Bait.
1894 3327 1961 3336 -—-
1996 3295 2060 3349 P.
2092 3301 2213 3351 275.

182 3369 244 3416 31
300 3364 513 3435 [verbis
557 3366 740 3436 aptis]
782 3367 930 3421 Bait.
983 3366 1377 3420 ‘manifestum
1422 3368 1703 3437 glossema
1756 3366 1830 3421 ad
1884 3366 2215 3422 adverbium

177 3435 372 3502 plaue'
427 3437 610 3504 recte,
655 3438 721 3490 ut
765 3437 991 3507 opinor,
1031 3437 1374 3492 existimans.
1446 3437 1693 3507 Madvig.
1738 3435 1972 3505 ‘mire’,
2010 3437 2210 3503 inquit,

185 3503 327 3559 ‘illis
372 3508 616 3576 primum
670 3525 772 3578 per
817 3523 876 3562 se
921 3507 1070 3562 nude
1115 3507 1341 3577 positiez
1398 3509 1549 3564 dicta
1592 3513 1723 3596 siunt
1777 3525 1814 3561 a
1860 3511 1912 3562 te
1969 3522 2072 3576 per
2116 3521 2213 3558 nec
