2609 3884
820 166 1245 223 ADNOTATIO
1284 167 1588 223 CRITICA.
2089 173 2220 228 XXI

193 328 292 399 qui
330 328 609 397 colliniet‚
649 327 837 382 omnia
870 326 958 381 illi
993 326 1222 397 quidem
1251 326 1365 380 sint
1394 326 1677 396 facienda,
1716 330 1779 383 ut
1815 329 2084 398 colliniet,
2121 332 2222 386 sed

93 421 100 425 ·
191 404 387 454 tamen
431 399 541 466 ita,
579 401 669 466 ut,
708 397 965 466 quamvis
1005 397 1192 453 omnia
1227 397 1427 466 faciat,
1468 416 1574 467 quo
1648 399 1813 454 feriat
1850 401 2220 470 (propositum

191 470 572 538 assequatur),
625 468 735 523 hoc
789 468 1050 523 ultimum
1104 468 1203 534 sit,
1259 470 1411 536 quod
1459 469 1520 522 in
1569 469 1909 525 colliniando
1956 472 2073 526 tale
2129 471 2219 540 sit,

191 541 361 609 quale
405 540 467 594 in
503 539 624 594 vita
662 543 938 593 summum
980 539 1192 592 bonum
1239 538 1475 593 dicimus
1512 539 1568 607 (i.
1606 556 1654 594 e.
1697 542 1849 594 recte
1888 541 2219 612 colliniare),

189 612 336 665 illud
371 613 586 678 autem,
631 612 697 663 ut
739 609 933 676 feriat,
982 608 1331 678 seligendum
1380 611 1631 677 tantum,
1680 627 1794 664 non
1831 613 2217 681 expetendum.

190 682 300 737 Vel
343 679 595 736 breviusz
643 680 720 734 Ut
769 679 1085 734 collinianti
1129 679 1300 734 alicui
1334 679 1485 734 idem
1521 681 1873 750 propositum
1910 683 2020 747 est,
2069 680 2223 749 quod

193 770 472 806 summum
506 752 718 804 bonum
757 751 1046 820 expetenti
1083 749 1218 818 (illi,
1255 752 1321 804 ut
1355 751 1547 818 feriat,
1584 751 1740 818 huic,
1778 754 1843 805 ut
1878 751 2222 820 adipiscatur

191 822 472 892 principia
507 823 796 889 naturae),
851 821 930 874 sic
976 820 1090 888 illi,
1145 820 1404 889 quamvis
1450 821 1638 876 omnia
1690 820 1891 888 faciat,
1936 823 2001 876 ut
2052 821 2223 877 feriat

193 892 567 962 (propositum
603 893 982 960 assequatur),
1017 893 1208 945 tamen
1242 892 1353 944 hoc
1391 892 1768 962 seligendum,
1808 908 1922 946 non
1959 895 2220 962 expeten-

193 964 328 1017 dum
366 964 466 1018 est.
541 961 701 1017 Sicut
735 977 835 1016 nos
871 963 1124 1016 ultimum
1159 961 1224 1014 iu
1259 961 1415 1016 bouis
1451 963 1710 1027 dicimus,
1754 963 1836 1016 sic
1874 963 1963 1017 illi
1998 965 2219 1033 (propo-

193 1033 364 1086 situm
421 1031 519 1102 sit)
573 1033 754 1098 facere
797 1033 1010 1097 omnia,
1054 1036 1118 1084 ut
1170 1032 1412 1086 colliniet
1458 1032 1629 1086 simili
1671 1033 1952 1088 brevitate
2008 1033 2222 1087 dictum

189 1103 419 1157 videtur
472 1118 540 1156 ac
584 1120 640 1172 p.
691 1108 810 1156 179.
849 1108 916 1156 37
964 1119 1046 1170 sq.
1091 1102 1168 1155 sit
1217 1103 1317 1156 hoc
1370 1105 1530 1172 quasi
1578 1103 1857 1169 ultimum,
1910 1104 2071 1172 quale
2122 1119 2223 1158 uos

191 1190 462 1227 summum
497 1173 698 1228 bonum
733 1173 996 1237 dicimus,
1030 1171 1068 1226 i.
1099 1188 1146 1225 e.
1175 1172 1248 1226 sit
1283 1173 1382 1226 hoc
1417 1174 1579 1241 quasi
1614 1174 1867 1228 ultimum
1901 1175 2029 1238 tale,
2098 1175 2224 1228 uals

191 1245 254 1298 id
289 1249 393 1309 est,
449 1245 593 1313 quod
634 1257 737 1297 nos
779 1258 1047 1297 summum
1092 1243 1292 1296 bonum
1327 1243 1561 1296 dicimus
1611 1245 1716 1298 etc.
1754 1243 1942 1299 Madv.
1980 1246 2039 1298 et
2122 1243 2223 1298 ait.

192 1314 337 1368 haec
385 1313 465 1367 sic
511 1313 876 1382 scripserunt:
939 1313 1011 1366 Ut
1055 1314 1199 1366 euim
1235 1343 1313 1382 ,-
1360 1317 1459 1366 aut
1502 1314 1786 1382 sayittam,
1834 1315 1931 1368 sic
1973 1329 2073 1369 uos
2120 1315 2222 1368 ult.

191 1387 256 1438 in
291 1385 452 1438 bouis
485 1385 733 1439 dicimus,
781 1384 895 1454 [sic
929 1383 1019 1437 illi
1053 1383 1232 1449 facere
1267 1384 1456 1436 omnia
1492 1414 1587 1449 —,
1622 1389 1687 1437 ut
1722 1383 1976 1438 colliuict.
2067 1383 2225 1438 Huic

192 1457 256 1509 in
292 1456 412 1508 eius
446 1455 595 1508 modi
629 1484 714 1507 —.
750 1453 812 1507 P.
844 1458 962 1508 180.
997 1458 1061 1506 13
1100 1453 1370 1521 adpareat
1403 1453 1624 1520 Lamb.,
1661 1453 1807 1510 Bait.
1839 1454 1923 1508 ed.
2002 1454 2223 1521 auchn.,

195 1525 391 1579 dubito
427 1540 502 1577 an
526 1526 696 1579 recte.
726 1554 793 1563 —
821 1523 884 1576 P.
917 1529 1035 1578 180.
1065 1529 1134 1576 36
1163 1524 1392 1592 contiyit
1420 1523 1541 1578 cod.
1571 1523 1622 1577 A
1648 1523 1846 1578 eodem
1876 1539 2079 1590 errore,
2110 1540 2223 1593 quo

192 1615 249 1664 p.
278 1602 401 1650 207.
431 1600 527 1660 21,
565 1600 684 1649 357.
719 1600 781 1647 11
814 1593 905 1662 (de
945 1593 1067 1647 cod.
1088 1592 1138 1647 G
1161 1594 1494 1662 typothetae
1522 1609 1678 1648 error
1706 1594 1856 1663 apud
1881 1593 2069 1661 Bait),
2109 1595 2223 1648 div.

191 1669 220 1720 I
251 1672 333 1722 18.
363 1672 451 1733 34,
473 1666 531 1719 et
555 1664 702 1719 Bait.
725 1695 790 1704 -—
811 1663 874 1720 P.
897 1668 1014 1718 181.
1040 1669 1104 1718 17
1132 1663 1395 1718 rhetorice
1420 1664 1577 1718 uncis
1604 1663 1735 1719 incl.
1761 1663 1908 1718 Bait.
1930 1694 1998 1703 —
2017 1665 2079 1718 P.
2105 1671 2222 1721 181.

194 1743 262 1790 30
292 1737 494 1790 etiam
513 1735 864 1802 probandum
891 1733 1036 1788 Bait.
1057 1733 1117 1786 in
1145 1734 1229 1788 ed.
1260 1733 1393 1788 min.
1422 1763 1494 1775 —
1521 1735 1583 1788 P.
1615 1740 1733 1788 182.
1762 1738 1795 1786 5
1824 1734 1997 1788 solum
2025 1735 2225 1788 bortum

191 1806 338 1861 Bait.
376 1805 438 1859 in
475 1805 561 1860 ed.
600 1804 733 1861 min.
772 1834 839 1844 —
875 1803 939 1856 P.
982 1808 1100 1860 183.
1139 1810 1171 1858 3
1223 1808 1273 1858 ct
1318 1805 1417 1874 qui
1452 1803 1581 1858 add.
1630 1803 1693 1857 Ο.
1729 1803 1892 1858 Hein.
1932 1805 1991 1858 et
2033 1804 2224 1859 Madv.

194 1877 253 1931 in
298 1877 387 1931 ed.
434 1875 529 1930 ΠΙ.
583 1906 650 1916 -
697 1876 757 1930 P.
801 1878 918 1928 183.
958 1880 990 1929 8
1039 1891 1156 1943 sqq.
1208 1890 1375 1942 quam
1421 1905 1487 1914 —
1534 1873 1762 1927 tollatur
1812 1872 2001 1941 codd.,
2059 1873 2224 1942 Bait„

194 1964 360 2016 quam
413 1977 480 1986 —
535 1951 573 2011 †
628 1946 856 2000 tollatur
908 1945 1122 2014 Madv.,
1177 1943 1278 2013 qui
1334 1944 1489 2014 quod
1543 1942 1786 1998 coniecit
1841 1944 1990 2014 Quid
2045 1950 2225 2000 autem

195 2015 482 2086 apertius?
537 2017 707 2070 Nam
738 2018 790 2070 si
817 2044 912 2080 —,
947 2032 1063 2070 non
1097 2014 1280 2084 magis
1317 2015 1535 2084 placet,
1572 2029 1740 2083 quam
1776 2029 1921 2083 quae
1958 2013 2060 2068 alii
2094 2031 2223 2084 pro-

193 2089 528 2158 posuerunt,
565 2088 631 2140 ut
664 2103 841 2155 nuper
878 2085 1141 2153 Schiche,
1177 2086 1368 2142 Herm.
1405 2085 1458 2140 X
1494 2091 1624 2140 381:
1666 2085 1815 2154 Quid
1850 2089 2031 2140 autem
2066 2101 2223 2154 aper-

195 2161 334 2224 tius,
379 2173 582 2227 quom.
621 2187 689 2197 —
725 2157 787 2212 P.
837 2161 954 2210 183.
994 2162 1060 2210 21
1109 2157 1345 2210 dicimus
1389 2171 1498 2210 om.
1545 2157 1621 2222 A,
1676 2155 1811 2209 secl.
1856 2153 2002 2210 Bait.
2047 2185 2114 2194 —
2160 2155 2221 2208 P.

201 2234 316 2283 184.
347 2235 414 2282 23
454 2229 774 2292 conveniet,
810 2227 962 2296 quod
998 2228 1086 2281 est
1119 2226 1179 2279 in
1217 2225 1407 2291 codd.,
1451 2225 1691 2280 fortasse
1738 2225 1976 2279 tolerari
2017 2226 2222 2294 potest.

195 2299 323 2355 Vid.
353 2299 427 2352 ad
462 2298 618 2353 Lael.
655 2315 709 2367 p.
739 2301 846 2352 454
882 2314 965 2365 sq.
993 2299 1053 2351 et
1086 2295 1234 2350 infra
1261 2314 1317 2366 p.
1346 2301 1467 2351 333.
1497 2301 1583 2350 22.
1613 2326 1678 2336 -
1708 2294 1768 2349 Ρ.
1800 2300 1919 2351 185.
1950 2301 1982 2348 3
2022 2295 2225 2350 Stoicis

194 2370 338 2424 Bait.
393 2369 454 2423 in
500 2369 586 2424 ed.
634 2367 752 2436 Or.,
797 2369 1067 2423 hisstoicis
1111 2366 1300 2434 codd,
1354 2367 1441 2420 his
1491 2365 1680 2422 Madv.
1737 2366 1797 2418 et
1839 2365 1985 2420 Bait.
2030 2363 2091 2418 in
2136 2365 2223 2422 ed.

196 2441 328 2494 min.
370 2471 436 2480 -—
473 2439 534 2494 P.
567 2444 686 2494 185.
719 2443 783 2492 13
822 2455 911 2504 ea,
947 2454 1117 2508 quae
1149 2442 1459 2492 versantur
1496 2453 1526 2490 e
1564 2435 1751 2489 Madv.
1790 2435 1933 2488 coni.
1962 2433 2104 2488 Bait.
2138 2435 2223 2489 ed.

198 2509 446 2565 Tauchn.
477 2512 804 2578 (versantur
831 2509 954 2564 cod.
983 2507 1074 2578 A.)
1103 2537 1170 2548 -
1197 2508 1260 2562 P.
1286 2511 1406 2561 185.
1432 2509 1496 2559 18
1518 2506 1900 2560 Maximorum
1921 2504 2224 2572 Weidner.,

195 2581 307 2636 Eos
347 2585 486 2636 1865
530 2597 585 2650 p.
623 2586 754 2646 463,
801 2581 860 2633 et
894 2579 1132 2645 Alanus3
1169 2577 1357 2633 Madv.
1408 2577 1620 2643 ‘neque
1668 2575 1863 2628 abesse
1900 2574 2224 2643 generalem

195 2651 484 2706 notionem
529 2665 694 2720 posse
739 2665 843 2704 nec
889 2649 970 2704 sic
1018 2650 1305 2704 Maximos
1342 2649 1657 2713 (commune
1693 2659 1899 2698 nomen
1948 2643 2225 2712 familiae)

195 2721 491 2859 zsspffl
499 2725 564 2775 ὥ
587 2719 1245 2860 ἓὲῗῗξὲἓὲἕῗίξὲξὲἳ
1265 2715 1879 2856 ξέοᾟὲἶὲἰέωἰέἕῗ
1901 2714 2227 2854 ἓέἓεῖὲῗέὲ

196 2862 484 2918 notionem
497 2833 534 2931 ,’
549 2862 816 2931 quoniam
843 2861 1092 2930 sequitur
1119 2866 1516 2927 ceterorumque
1541 2859 1787 2912 virorum
1819 2857 2077 2922 fortium,
2112 2872 2226 2911 non

197 2934 365 2988 modo
421 2949 587 3003 posse
643 2933 868 3001 abesse,
925 2931 1024 2986 sed
1071 2930 1274 2984 debere
1322 2945 1548 2994 censen,
1595 2943 1722 2983 eam
1766 2925 1955 2980 autem
2000 2925 2224 2995 potissi-

197 3021 392 3129 m‘pdrinbg>
405 3020 549 3085 quae
577 3005 726 3128 1ᾃῖἱὴ
750 3003 810 3056 in
835 3002 1167 3126 maicxligeus,
1194 3016 1265 3054 ne
1293 2999 1623 3123 pmnoffisse
1652 2994 2226 3122 quidergfipggsesgiavlg

197 3091 311 3199 ssirn
346 3091 588 3214 habffiffi
617 3089 982 3214 prorggssenon
1018 3086 1434 3211 intztffgggergl-
1450 3087 1552 3194 lDu
1570 3085 1879 3195 Uagam&
1916 3083 2228 3220 Maximus,

199 3217 529 3282 Marcellus,
578 3216 892 3282 Africanus
929 3213 1365 3283 coniunguntur,
1412 3211 1483 3264 de
1524 3226 1636 3265 sen.
1667 3214 1715 3263 5.
1749 3214 1813 3262 13
1851 3207 2133 3276 Scipiones
2171 3206 2230 3259 et

199 3287 449 3341 Maximi
502 3286 699 3355 ‘longe
738 3285 966 3354 aliter’,
1011 3286 1080 3338 ut
1121 3284 1206 3338 ait
1247 3281 1433 3337 Madv.
1472 3311 1539 3322 -
1577 3280 1637 3335 P.
1677 3285 1796 3334 186.
1836 3283 1869 3333 8
1908 3294 1988 3346 sq.
2028 3275 2228 3330 Graeci

197 3358 399 3419 κακίας
445 3357 593 3411 Bait.
639 3359 698 3410 in
743 3359 982 3425 utraque
1031 3353 1193 3423 edit„
1241 3368 1453 3419 errore,
1497 3352 1563 3406 ut
1603 3349 1841 3405 videtur.
1892 3378 1959 3389 -
2003 3346 2065 3427 P.
2108 3350 2226 3399 187.

197 3431 264 3482 37
326 3429 652 3496 separatim
708 3427 897 3494 codd,
946 3427 1120 3492 Bait,
1165 3427 1507 3492 separatum
1550 3421 1737 3476 Madv.
1782 3418 1940 3472 nulla
1971 3416 2098 3497 ‘aha
2158 3414 2226 3466 de

199 3513 391 3567 causa,
435 3497 546 3552 nisi
593 3498 747 3566 quod
806 3496 1039 3551 ‘melius
1085 3494 1435 3549 coniunctum
1490 3493 1550 3546 et
1602 3493 1910 3560 separatum
1965 3487 2113 3538 inter
2168 3497 2229 3536 se
