2609 3884
329 165 462 232 330
719 161 1319 220 TUSCULANARUM
1351 161 1961 218 DISPUTATIONUM

327 329 456 412 ipsi
509 327 638 410 illi,
692 325 804 411 qui
860 347 970 392 eos
1027 326 1346 410 scribunt,
1400 347 1470 392 se
1521 329 1729 410 neque
1784 324 2085 390 distincte
2142 345 2355 409 neque

329 415 672 481 distribute
752 436 960 499 neque
1041 414 1374 498 eleganter
1454 435 1662 499 neque
1736 417 1962 479 ornate
2052 413 2357 498 scribere,

327 504 676 570 lectionem
723 503 864 568 sine
910 502 1050 567 ulla
1093 501 1523 568 delectatione
1574 501 1871 587 neglego.
1961 499 2132 578 Quid
2177 501 2357 566 enim

327 593 548 658 dicant
590 593 658 656 et
702 591 856 675 quid
901 591 1191 656 sentiant
1233 589 1310 673 ii,
1366 590 1477 674 qui
1522 594 1678 656 sunt
1722 590 1804 655 ab
1852 611 1929 655 ea
1988 589 2359 675 disciplina,

325 703 518 747 nemo
570 700 650 746 ne
701 679 1113 745 mediocriter
1165 678 1424 764 quidem
1479 679 1705 745 doctus
1760 679 2038 764 ignorat.
2143 676 2357 754 Quam
2382 702 2413 743 s

327 770 413 836 ob
466 790 630 853 rem,
684 767 1017 853 quoniam,
1071 788 1262 852 quem
1317 766 1399 831 ad
1443 768 1707 832 modum
1752 766 1997 852 dicant,
2046 765 2176 850 ipsi
2218 787 2359 830 non

326 857 657 935 laborant,
703 878 816 921 cur
857 855 1116 940 legendi
1155 855 1290 921 sint
1324 853 1453 919 nisi
1498 855 1625 939 ipsi
1668 855 1838 921 inter
1884 876 1980 939 se,
2025 854 2136 939 qui
2180 853 2359 919 idem

257 966 293 1016 s
331 946 644 1028 sentiunt,
688 965 822 1010 non
863 943 1196 1028 intellego,
1284 941 1483 1027 Nam,
1542 947 1617 1009 ut
1658 941 2003 1009 Platonem
2046 942 2361 1026 reliquos-

329 1056 453 1119 que
510 1031 874 1098 Socraticos
931 1034 998 1095 et
1050 1030 1351 1114 deinceps
1408 1052 1545 1116 eos,
1604 1032 1715 1116 qui
1770 1032 1853 1097 ab
1907 1031 2011 1096 his
2076 1029 2359 1114 profecti

329 1124 503 1206 sunt,
546 1121 776 1206 legunt
819 1140 1068 1200 omnes,
1115 1120 1315 1184 etiam
1359 1120 1470 1204 qui
1514 1120 1633 1185 illa
1667 1124 1782 1185 aut
1816 1141 1950 1185 non
1987 1119 2359 1203 adprobant
2386 1145 2443 1184 ιο

329 1212 444 1275 aut
486 1230 620 1274 non
666 1207 1134 1274 studiosissime
1189 1211 1675 1293 consectantur,
1729 1207 2085 1292 Epicurum
2131 1211 2357 1273 autem

328 1300 395 1362 et
451 1295 912 1362 Metrodorum
950 1318 1084 1363 non
1120 1296 1275 1361 fere
1342 1299 1601 1381 praeter
1658 1317 1811 1361 suos
1876 1297 2220 1398 quisquam
2286 1297 2357 1360 in

327 1407 558 1450 manus
605 1385 830 1469 sumit,
875 1385 969 1450 sic
1011 1385 1134 1450 hos
1178 1383 1453 1450 Latinos
1497 1385 1549 1450 ii
1602 1385 1729 1450 soli
1771 1386 2024 1470 legunt,
2079 1384 2191 1470 qui
2234 1383 2357 1449 illa

325 1477 498 1539 recte
562 1473 690 1538 dici
749 1477 1001 1557 putant,
1121 1472 1333 1538 Nobis
1408 1476 1625 1537 autem
1687 1472 1973 1556 videtur,
2046 1473 2353 1557 quicquid

325 1561 566 1628 litteris
609 1561 978 1645 mandetur,
1023 1561 1091 1626 id
1137 1561 1573 1627 commendari
1619 1561 1906 1626 omnium
1953 1561 2353 1626 eruditorum
2386 1586 2441 1626 1⁵

326 1650 593 1716 lectioni
639 1650 884 1734 decere3
931 1671 1079 1735 nec,
1125 1650 1182 1714 si
1225 1650 1292 1714 id
1339 1649 1469 1733 ipsi
1513 1649 1727 1714 minus
1768 1649 2081 1734 consequi
2124 1671 2354 1750 possu-

329 1761 500 1823 mus,
563 1738 805 1804 idcirco
870 1738 1084 1804 minus
1137 1737 1206 1802 id
1257 1737 1354 1801 ita
1399 1737 1762 1803 faciendum
1817 1759 1957 1803 esse
2018 1737 2357 1803 sentimus.

258 1846 291 1896 9
327 1826 556 1912 Itaque
628 1826 791 1891 mihi
863 1847 1116 1910 semper
1185 1825 1770 1928 Peripateticorum
1838 1825 2357 1910 Academiaeque

329 1915 724 1981 consuetudo
789 1915 867 1979 de
933 1915 1234 1980 omnibus
1305 1915 1503 1980 rebus
1573 1913 1644 1979 in
1713 1914 2075 1979 contrarias
2139 1913 2356 1997 partis

327 2002 682 2068 disserendi
735 2024 869 2068 non
922 2003 1007 2068 ob
1063 2024 1205 2068 eam
1258 2024 1521 2068 causam
1574 2003 1784 2068 solum
1844 2003 2115 2086 placuit,
2178 2002 2359 2088 quod
2385 2029 2441 2068 so

329 2092 519 2156 aliter
552 2111 688 2156 non
723 2093 972 2174 posset,
1018 2090 1174 2174 quid
1217 2091 1286 2156 in
1332 2112 1586 2174 quaque
1622 2113 1693 2156 re
1727 2091 1867 2155 veri
1908 2091 2121 2156 simile
2157 2093 2359 2174 esset,

325 2178 627 2261 inveniri,
689 2178 802 2242 sed
865 2179 1064 2242 etiam
1128 2178 1301 2262 quod
1364 2181 1538 2244 esset
1600 2201 1677 2244 ea
1737 2200 2043 2244 maxuma
2098 2178 2360 2243 dicendi

327 2265 719 2330 exercitatio.
792 2264 933 2342 Qua
975 2266 1272 2350 princeps
1314 2288 1470 2331 usus
1517 2270 1619 2331 est
1661 2265 2078 2346 Aristoteles,
2124 2265 2359 2331 deinde

327 2375 475 2419 eum
531 2354 644 2438 qui
691 2354 895 2418 secuti
949 2357 1119 2419 sunt.
1214 2352 1460 2420 Nostra
1519 2359 1738 2421 autem
1783 2354 2097 2421 memoria
2139 2353 2358 2439 Philo,

324 2464 516 2527 quem
559 2463 679 2508 nos
725 2441 1093 2527 frequenter
1131 2443 1523 2527 audivimus,
1566 2443 1856 2508 instituit
1892 2443 2021 2508 alio
2058 2446 2357 2526 tempore
2386 2468 2439 2508 25

323 2531 657 2597 rhetorum
710 2535 1057 2616 praecepta
1110 2531 1391 2616 tradere,
1446 2531 1577 2597 alio
1640 2530 2209 2617 philosophorum,
2270 2530 2357 2596 ad

326 2642 522 2705 quam
573 2641 696 2687 nos
752 2619 1284 2686 consuetudinem
1340 2642 1379 2684 a
1437 2619 1869 2684 familiaribus
1932 2619 2177 2685 nostris
2241 2619 2358 2684 ad-

326 2707 500 2772 ducti
551 2708 624 2772 in
675 2708 1067 2793 Tusculano,
1121 2708 1295 2793 quod
1347 2709 1571 2774 datum
1624 2711 1724 2773 est
1774 2707 2087 2791 temporis
2141 2706 2356 2786 nobis,

323 2795 394 2860 in
467 2817 541 2860 eo
615 2797 1158 2881 consumpsimus.
1273 2795 1503 2881 Itaque
1575 2818 1723 2862 cum
1797 2798 1949 2860 ante
2012 2794 2354 2860 meridiem

324 2881 592 2947 dictioni
657 2905 917 2966 operam
981 2885 1407 2969 dedissemus,
1470 2883 1640 2949 sicut
1699 2883 1910 2967 pridie
1972 2882 2352 2962 feceramus,
2383 2909 2439 2948 so

323 2971 478 3053 post
541 2970 875 3035 meridiem
936 2971 1007 3035 in
1063 2972 1482 3038 Academiam
1524 2971 2019 3074 ‘descendimus3
2088 2971 2159 3036 in
2220 2992 2355 3054 qua

326 3057 832 3140 disputationem
867 3057 1163 3123 habitam
1189 3083 1323 3125 non
1358 3059 1544 3145 quasi
1579 3062 1921 3124 narrantes
1950 3059 2354 3144 exponimus,

327 3145 440 3211 sed
498 3144 739 3209 eisdem
793 3145 927 3210 fere
972 3146 1214 3231 verbis,
1270 3151 1347 3212 ut
1391 3152 1607 3213 actum
1662 3147 2189 3232 disputatumque
2235 3150 2353 3212 est.

457 3232 582 3297 Est
642 3233 847 3318 igitur
911 3235 1395 3300 ambulantibus
1449 3236 1533 3301 ad
1584 3235 1759 3300 hunc
1812 3235 2077 3301 modum
2137 3257 2352 3300 sermo

324 3321 436 3386 ille
482 3321 674 3386 nobis
719 3322 1055 3388 institutus
1097 3326 1165 3388 et
1208 3345 1249 3388 a
1291 3324 1415 3388 tali
1461 3323 1738 3425 quodam
1785 3323 2013 3388 ductus
2059 3322 2353 3388 exordio·
2379 3347 2433 3388 ³5

456 3408 539 3473 A.
585 3409 731 3473 Dici
757 3431 890 3475 non
927 3415 1165 3494 potest,
1203 3433 1399 3495 quam
1428 3411 1553 3477 sim
1578 3410 1885 3478 hesterna
1911 3411 2353 3496 disputatione

323 3497 442 3560 tua
477 3496 830 3562 delectatus
868 3498 971 3563 vel
1006 3499 1224 3582 potius
1262 3498 1533 3564 adiutus.
1610 3497 1759 3564 Etsi
1796 3499 1970 3565 enim
2005 3499 2169 3565 mihi
2204 3521 2354 3566 sum

222 3205 288 3330 {t
