2609 3884
363 139 496 204 280
750 136 1351 193 TUSCULANARUM
1385 136 1992 194 DISPUTATIONUM

362 300 728 384 inlustrius3
790 304 862 366 at
922 322 1043 366 nos
1107 299 1413 364 metiendi
1467 299 2022 384 ratiocinandique
2096 300 2379 365 utilitate
2496 348 2515 358 -

361 390 556 455 huius
606 389 762 455 artis
807 389 1298 454 terminavimus
1343 387 1625 453 modum.

286 475 325 538 3
493 477 588 542 At
624 480 850 543 contra
900 481 1224 542 oratorem
1270 476 1567 540 celeriter
1611 477 1929 559 complexi
1976 498 2216 560 sumus,
2260 497 2381 540 nec

365 589 510 631 eum
546 566 758 650 primo
795 565 1142 648 eruditum,
1183 568 1410 648 aptum
1445 569 1668 629 tamen
1702 565 1783 628 ad
1820 564 2186 648 dicendum,
2230 568 2386 648 post

364 659 582 720 autem
627 652 966 718 eruditum.
1053 651 1225 718 Nam
1271 650 1577 736 Galbam,
1629 651 2037 737 Africanum,
2082 652 2382 717 Laelium
2411 677 2439 718 5

365 743 588 808 doctos
631 741 834 807 fuisse
871 741 1180 806 traditum
1217 743 1343 824 est,
1390 739 1751 805 studiosum
1793 744 2011 805 autem
2048 762 2225 824 eum,
2272 741 2387 825 qui

361 831 444 896 iis
483 833 693 896 aetate
729 830 1046 912 anteibat,
1093 827 1433 911 Catonem,
1470 831 1625 911 post
1661 850 1814 893 vero
1852 828 2189 912 Lepidum,
2229 826 2385 892 Car-

362 919 617 1003 bonem,
645 917 988 1002 Gracchos,
1021 915 1172 980 inde
1206 917 1302 980 ita
1328 936 1601 1002 magnos
1637 921 1932 982 nostram
1964 917 2046 982 ad
2084 919 2385 1000 aetatem,

362 1011 438 1072 ut
487 1028 620 1071 non
673 1005 950 1070 multum
1007 1007 1120 1070 aut
1172 1004 1338 1069 nihil
1394 1004 1658 1070 omnino
1714 1003 1977 1070 Graecis
2032 1004 2383 1070 cederetur.

361 1093 786 1176 Philosophia
837 1092 1039 1157 iacuit
1079 1114 1281 1176 usque
1330 1092 1411 1156 acl
1456 1092 1627 1158 hanc
1674 1096 1958 1157 aetatem
2000 1113 2120 1157 nec
2170 1093 2383 1157 ullum
2416 1117 2497 1159 10-

362 1182 596 1248 habuit
639 1182 861 1246 lumen
901 1180 1272 1245 litterarum
1305 1179 1712 1264 Latinarum3
1761 1202 1925 1266 quae
1972 1180 2387 1246 inlustranda

363 1273 430 1335 et
475 1268 814 1334 excitanda
855 1268 1050 1334 nobis
1096 1271 1221 1351 est,
1265 1271 1368 1352 ut,
1414 1269 1471 1334 si
1516 1270 1811 1352 occupati
1855 1268 2217 1352 profuimus
2266 1269 2385 1333 ali-

363 1358 518 1442 quid
581 1357 828 1422 civibus
889 1357 1160 1439 nostris,
1215 1357 1542 1440 prosimus
1608 1357 1833 1441 etiam,
1898 1357 1955 1422 si
2016 1379 2387 1441 possumus,

293 1467 326 1516 c
364 1446 580 1511 otiosi.
650 1444 723 1510 In
775 1467 900 1529 quo
939 1467 1014 1510 eo
1054 1445 1264 1530 magis
1308 1445 1499 1510 nobis
1546 1449 1647 1510 est
1690 1445 2171 1528 elaborandum,
2209 1445 2386 1528 quod

361 1534 555 1600 multi
595 1534 741 1598 iam.
773 1555 913 1599 esse
956 1533 1111 1599 libri
1153 1533 1375 1598 Latini
1420 1533 1721 1598 dicuntur
1758 1533 1984 1618 scripti
2020 1533 2385 1598 inconside-
2414 1557 2471 1598 15

362 1627 504 1688 rate
550 1623 632 1687 ab
681 1622 945 1706 optimis
989 1622 1126 1686 illis
1172 1621 1434 1707 quidem
1474 1621 1660 1705 viriS,
1704 1620 1817 1686 sed
1859 1641 1994 1686 non
2032 1622 2191 1686 satis
2239 1643 2387 1686 eru-

363 1711 534 1776 ditis.
605 1709 781 1775 Fieri
826 1713 1044 1776 autem
1088 1711 1334 1793 potest,
1378 1713 1454 1774 ut
1493 1714 1667 1774 recte
1704 1709 1849 1793 quis
1894 1709 2139 1774 sentiat
2184 1712 2252 1774 et
2293 1709 2383 1789 id,

362 1798 533 1885 quod
588 1799 810 1883 sentit,
871 1799 1075 1882 polite
1130 1797 1350 1881 eloqui
1402 1819 1535 1863 non
1597 1798 1832 1883 possit3
1898 1796 2011 1861 sed
2071 1797 2383 1862 mandare

363 1909 748 1972 quemquam
817 1885 1056 1951 litteris
1129 1885 1560 1970 cogitationes
1634 1907 1813 1969 suas,
1896 1885 2007 1969 qui
2079 1907 2188 1950 eas
2260 1907 2385 1969 nec

365 1976 702 2058 disponere
737 1995 857 2039 nec
890 1974 1239 2038 inlustrare
1275 1973 1490 2056 possit
1523 1993 1642 2037 nec
1687 1972 2115 2038 delectatione
2162 1973 2384 2058 aliqua
2413 2000 2469 2040 πο
2595 1963 2596 1966 “

365 2062 619 2128 allicere
663 2062 998 2144 lectorem,
1041 2061 1326 2126 hominis
1372 2064 1473 2125 est
1505 2060 2015 2145 intemperanter
2050 2061 2385 2126 abutentis

364 2153 431 2215 et
475 2151 612 2215 otio
659 2153 727 2214 et
768 2149 1026 2213 litteris.
1095 2148 1325 2233 Itaque
1361 2170 1513 2214 suos
1554 2148 1759 2216 libros
1795 2149 1925 2234 ipsi
1960 2150 2187 2234 legunt
2233 2171 2385 2215 cum

365 2237 527 2320 suis,
579 2257 698 2301 nec
754 2236 1096 2321 quisquam
1142 2237 1413 2320 attingit
1455 2241 1713 2321 praeter
1758 2259 1895 2322 eos,
1950 2238 2063 2322 qui
2110 2237 2385 2302 eandem

362 2325 693 2390 licentiam
757 2323 1080 2389 scribendi
1142 2324 1270 2389 sibi
1331 2325 1625 2408 permitti
1685 2327 1929 2391 volunt.
2048 2324 2260 2401 Quare
2326 2327 2385 2390 si

365 2412 608 2497 aliquid
673 2412 992 2478 oratoriae
1059 2411 1270 2478 laudis
1338 2418 1568 2480 nostra
1638 2414 1979 2479 attulimus
2041 2413 2383 2494 industria,
2413 2439 2468 2480 25

363 2502 572 2567 multo
648 2501 998 2566 studiosius
1070 2501 1529 2586 philosophiae
1599 2502 1806 2568 fontis
1880 2501 2269 2587 aperiemus,
2346 2524 2384 2567 e

287 2647 330 2709 4
368 2589 600 2674 quibus
646 2590 844 2654 etiam
888 2589 1004 2654 illa
1047 2590 1417 2654 manabant.

296 2724 326 2772 ⁷
500 2676 626 2743 Sed
677 2681 752 2742 ut
802 2677 1218 2761 Aristoteles,
1275 2678 1378 2742 vir
1431 2701 1683 2743 summo
1738 2678 2024 2764 ingenio,
2090 2677 2385 2762 scientia,

366 2765 582 2850 copia,
654 2787 800 2831 cum
870 2770 1086 2832 motus
1159 2769 1331 2832 esset
1416 2765 1726 2832 Isocratis
1798 2766 2079 2832 rhetoris
2152 2767 2385 2850 gloria,

365 2852 574 2918 dicere
619 2855 823 2919 dooere
867 2855 1062 2919 etiam
1110 2855 1325 2938 coepit
1370 2854 1807 2920 adulescentes
1852 2858 1921 2920 et
1968 2852 2384 2938 prudentiam
2413 2883 2467 2921 30

227 2960 232 2966 ’
365 2963 510 3006 cum
547 2936 912 3026 eloquentia
947 2944 1239 3027 iungere,
1276 2942 1370 3008 sic
1403 2942 1595 3007 nobis
1629 2943 1843 3027 placet
1876 2963 1998 3007 nec
2032 2942 2386 3026 pristinum

365 3029 618 3095 dicendi
654 3030 938 3096 studium
975 3030 1292 3113 deponere
1332 3034 1399 3095 et
1434 3031 1506 3094 in
1540 3029 1665 3095 hac
1700 3031 1945 3096 maiore
1983 3034 2049 3095 et
2082 3031 2385 3096 uberiore

365 3121 504 3183 arte
574 3118 837 3183 versari.
949 3115 1146 3182 Hanc
1212 3117 1386 3184 enim
1467 3118 1821 3202 perfectam
1900 3118 2387 3202 philosophiam

366 3227 620 3288 semper
708 3204 1015 3289 iudicavi,
1105 3226 1267 3290 quae
1350 3205 1428 3270 de
1509 3207 1808 3272 maximis
1890 3206 2383 3290 quaestionibus

363 3294 623 3377 copiose
668 3296 891 3377 posset
935 3297 1286 3379 ornateque
1332 3293 1570 3379 dicere,
1613 3296 1685 3360 in
1709 3317 1924 3398 ‘quam
1976 3295 2381 3361 exercitatio·
2412 3321 2463 3362 35
2569 3357 2576 3362 .

361 3401 513 3445 nem
558 3379 654 3445 ita
697 3401 816 3445 nos
865 3381 1148 3446 studiose
1206 3381 1521 3466 dedimus,
1576 3387 1650 3448 ut
1702 3384 1835 3449 iam
1880 3384 2078 3448 etiam
2124 3381 2383 3448 scholas

365 3467 758 3533 Graecorum
811 3490 989 3534 more
1042 3469 1282 3534 habere
1340 3433 1747 3556 audeiemus3
1810 3475 1885 3538 ut
1938 3493 2143 3554 nuper
2194 3475 2382 3536 tuum
