2609 3884
687 157 904 212 LIB.1.
959 155 1114 213 GAP.
1155 163 1331 214 6—8.
1385 163 1697 225 §24—30.
2121 159 2201 222 13

175 323 360 404 tuor,
417 341 579 404 quae
626 341 822 402 supra
865 318 1027 403 dixi,
1081 319 1395 384 dissimile
1439 318 1827 386 Aristoteles
1882 321 2203 406 quoddam

179 429 324 473 esse
395 408 678 492 rebatur.
785 405 912 472 Sed
976 408 1333 472 subiectam
1396 411 1633 491 putant
1695 410 1993 474 omnibus
2066 410 2203 475 sine
2240 419 2307 470 2⁷

179 497 320 560 ulla
356 496 568 598 specie
617 499 812 580 atque
856 499 1187 560 carentem
1232 495 1409 561 omni
1454 495 1573 560 illa
1619 497 1935 580 qualitate
1980 495 2204 583 (facia-

181 607 328 649 mus
366 583 538 649 enim
572 583 913 649 tractando
940 583 1247 648 usitatius
1274 583 1401 649 hoc
1426 585 1695 648 verbum
1732 588 1799 649 et
1832 584 2203 670 contritius)

129 699 156 738 ε
182 672 529 737 materiam
581 671 931 756 quandam,
988 693 1023 736 e
1077 693 1206 774 qua
1251 672 1470 736 omnia
1527 693 1831 755 expressa
1878 677 2070 757 atque
2116 674 2204 738 ef-

183 760 340 825 ficta
385 760 534 845 sint,
581 781 744 844 quae
780 781 912 824 una
943 761 1164 825 omnia
1180 760 1499 862 'accipere
1536 761 1748 845 possit
1781 762 2205 846 omnibusque

182 848 393 913 modis
419 847 659 913 mutari
696 851 886 932 atque
915 869 994 912 ex
1021 847 1199 914 omni
1233 851 1419 932 parte
1458 852 1651 932 atque
1688 848 1884 914 etiam
1920 850 2206 933 interire,

181 958 316 1001 non
350 937 420 1000 in
453 935 750 1014 nihilum,
788 937 956 1001 sed
935 958 1006 1000 111
1051 957 1200 1000 suas
1235 939 1477 1021 partes,
1513 957 1677 1020 quae
1712 936 1965 1003 infinite
2001 938 2207 1003 secari

185 1045 260 1089 ac
322 1023 524 1090 dividi
585 1025 870 1108 possint,
935 1045 1082 1089 cum
1145 1023 1234 1089 sit
1294 1024 1460 1088 nihil
1524 1023 1787 1090 omnino
1848 1026 1919 1092 in
1992 1047 2205 1090 rerum

107 1139 158 1178 10
184 1115 424 1177 natura
475 1112 840 1195 minimum,
904 1111 1072 1196 quod
1126 1111 1330 1176 dividi
1390 1117 1695 1196 nequeat3
1760 1135 1923 1197 quae
1987 1117 2204 1178 autem

185 1203 598 1278 moveantur,
652 1200 870 1266 omnia
913 1200 1274 1265 intervallis
1320 1200 1595 1285 moveri,
1654 1221 1817 1285 quae
1862 1201 2206 1266 intervalla

184 1288 343 1352 item
403 1287 652 1352 infinite
717 1288 914 1353 dividi
974 1288 1250 1372 possint.
1351 1287 1444 1353 Et
1506 1309 1652 1353 cum
1713 1289 1811 1354 ita
1868 1293 2205 1355 moveatur
2243 1300 2309 1349 28

184 1375 304 1440 illa
344 1376 479 1478 vis,
513 1397 711 1460 quam
757 1375 1138 1460 qualitatem
1215 1397 1353 1441 esse
1430 1376 1736 1460 diximus,
1790 1382 1857 1443 et
1911 1389 2056 1443 011111
2116 1377 2206 1442 sic

184 1465 362 1529 ultro
425 1463 713 1554 citroque
775 1468 1094 1545 versetur,
1167 1467 1233 1529 et
1304 1465 1647 1529 materiam
1717 1427 1937 1549 ipsam
1998 1469 2208 1530 totam

109 1576 160 1618 15
186 1552 446 1637 penitus
492 1547 874 1618 commutari
910 1555 1151 1636 putant
1187 1555 1254 1617 et
1297 1552 1417 1616 illa
1452 1551 1638 1637 effici,
1674 1575 1838 1637 quae
1876 1554 2209 1637 appellant

188 1639 482 1726 qualia3
520 1661 554 1704 e
592 1640 828 1724 quibus
857 1641 1033 1704 omni
1059 1633 1292 1706 natura
1320 1640 1705 1706 cohaerente
1734 1645 1801 1713 et
1829 1640 2209 1707 continuata

188 1750 335 1793 cum
380 1728 678 1794 omnibus
725 1727 858 1793 suis
901 1723 1212 1812 partibus
1243 1751 1445 1794 unum
1492 1729 1788 1793 effectum
1837 1749 1979 1794 esse
2024 1749 2206 1794 mun-

35 1833 48 1884 r
187 1817 369 1895 dum,
414 1819 599 1880 extra
643 1837 834 1902 quem
886 1817 1066 1881 nulla
1121 1817 1429 1881 materiae
1485 1838 1638 1900 pars
1694 1817 1783 1881 sit
1834 1817 2207 1900 nullumque

187 1926 450 1989 corpus3
505 1907 723 1989 partes
771 1907 986 1970 autem
1032 1925 1171 1970 esse
1217 1905 1441 1969 mundi
1487 1905 1731 1988 omnia,
1786 1927 1950 1990 quae
2004 1905 2209 1970 insint

107 2018 162 2058 20
188 1993 258 2056 in
303 2013 380 2057 οο
389 2042 410 2076 ,
465 2013 627 2077 quae
668 1995 904 2057 natura
949 1993 1264 2057 sentiente
1320 1996 1690 2077 teneantur,
1712 1993 1805 2058 in
1859 2015 1987 2077 qua
2038 1993 2206 2058 ratio

188 2080 480 2166 perfecta
522 2080 705 2164 insit,
753 2101 915 2166 quae
963 2079 1052 2144 sit
1096 2080 1320 2146 eadem
1358 2082 1750 2164 sempiterna
1795 2079 1989 2166 (nihil
2032 2083 2207 2146 enim
2244 2091 2311 2139 29

189 2167 515 2233 valentius
569 2189 735 2251 esse,
796 2190 836 2232 a
889 2189 1015 2254 quo
1070 2167 1409 2255 intereat);
1469 2191 1664 2253 quam
1726 2171 1861 2234 vim
1924 2169 2209 2234 animum

191 2278 332 2322 esse
387 2256 608 2321 dicunt
661 2255 907 2341 mundi,
972 2256 1365 2342 eandemque
1420 2278 1560 2322 esse
1612 2261 1895 2322 mentem
1957 2258 2209 2341 sapien-

188 2345 476 2429 tiamque
511 2343 893 2428 perfectam,
931 2365 1122 2428 quem
1157 2344 1350 2411 deum
1391 2345 1751 2430 appellant,
1795 2345 2210 2429 omniumque

111 2457 164 2499 15
189 2453 438 2514 rerum,
477 2454 640 2518 quae
677 2432 808 2496 sint
854 2431 914 2496 ei
948 2433 1302 2516 subiectae,
1341 2432 1527 2519 quasi
1560 2433 1973 2517 prudentiam
2010 2455 2208 2516 quan-

191 2520 368 2602 dam,
420 2523 873 2604 procurantem
918 2520 1224 2586 caelestia
1267 2521 1577 2604 maxime,
1632 2521 1857 2585 deinde
1902 2522 1972 2586 in
2015 2521 2209 2584 terris

191 2625 287 2692 ea,
314 2629 480 2691 quae
505 2608 878 2690 pertineant
905 2607 1339 2694 adhomines3
1367 2631 1561 2693 quam
1587 2607 1912 2672 interdum
1940 2607 2211 2672 eandem

188 2695 643 2761 necessitatem
689 2697 1045 2780 appellant,
1091 2698 1242 2780 quia
1283 2697 1450 2760 nihil
1496 2695 1685 2760 aliter
1728 2695 1964 2779 possit,
2019 2698 2211 2780 atque

193 2785 276 2849 ab
313 2805 391 2849 ea
423 2784 848 2849 constitutum
885 2783 997 2868 sit,
1035 2785 1317 2868 evenire,
1362 2783 1551 2868 quasi
1584 2783 1851 2849 fatalem
1886 2787 1952 2848 et
1983 2784 2211 2848 immu-

113 2897 166 2937 so
191 2872 468 2938 tabilem
512 2872 1062 2938 continuationem
1106 2871 1353 2937 ordinis
1402 2873 1801 2956 sempiterni3
1845 2893 1979 2937 non
2029 2893 2211 2936 num-

194 2982 390 3045 quam
428 2960 694 3025 eandem
727 2961 1087 3044 fortunam,
1132 2960 1302 3044 quod
1340 2959 1581 3026 efficiat
1616 2960 1879 3024 multa
1858 2961 2213 3044 lmprovisa

193 3052 261 3113 et
283 3049 673 3132 necopinata
697 3048 886 3113 nobis
923 3053 1194 3133 propter
1221 3049 1685 3114 obscuritatem
1709 3047 2212 3134 ignorationem·

195 3157 318 3222 que
363 3158 725 3201 causarum.

323 3223 548 3289 Tertia
620 3223 846 3289 deinde
918 3223 1376 3310 philosophiae
1444 3245 1597 3309 pars
1613 3274 1630 3307 ,
1697 3245 1861 3308 quae
1933 3225 2074 3288 erat
2143 3224 2213 3288 in
2252 3190 2319 3316 380

115 3336 166 3377 ³5
192 3313 449 3379 ratione
512 3316 579 3377 et
639 3313 710 3377 in
771 3311 1169 3397 disserendo,
1241 3313 1338 3379 sic
1396 3313 1806 3378 tractabatur
1872 3311 1955 3376 ab
2019 3310 2233 3376 utris-

193 3422 340 3484 que:
434 3400 839 3486 Quamquam
920 3400 1195 3467 oriretur
1263 3422 1304 3465 a
1376 3401 1705 3482 sensibus,
1781 3402 2004 3463 tamen
2082 3413 2213 3462 non

193 3509 334 3554 esse
379 3489 688 3554 iudicium
733 3489 1027 3554 veritatis
1081 3489 1151 3554 in
1195 3488 1507 3555 sensibus.
1578 3486 1863 3552 Mentem
1906 3485 2211 3550 volebant

1063 3743 1082 3778 5
