2609 3884
644 145 780 200 LIB.
816 147 884 201 11.
941 146 1092 202 CAP.
1132 152 1225 215 34,
1263 152 1349 203 35.
1405 152 1435 213 ἓ
1473 153 1785 203 113-119.
2100 149 2227 213 167

204 302 485 371 Aristidi
531 308 652 371 aut
703 306 1152 391 Themistocli,
1194 328 1329 371 non
1371 306 1662 391 Philippi
1707 310 1821 373 aut
1856 307 2230 395 Alexandri,

204 393 348 478 lege
432 398 815 459 nostrorum
899 393 1269 478 hominum,
1350 395 1495 480 lege
1574 400 1829 461 vestrae
1912 396 2226 482 familiae3

208 481 534 545 neminem
599 481 846 548 videbis
911 482 1008 546 ita
1067 482 1431 566 laudatum,
1502 486 1576 547 ut
1650 483 1881 548 artifex
1954 485 2226 549 callidus

211 569 794 652 comparandarum
865 570 1272 654 voluptatum
1344 571 1675 635 diceretur.
1789 571 1941 637 Non
2011 572 2227 657 elogia

153 680 184 719 5
211 656 758 722 monimentorum
810 656 878 721 id
933 658 1325 743 significant,
1386 660 1562 723 velut
1620 658 1745 724 hoc
1800 660 1881 723 ad
1942 681 2026 743 po
2094 682 2227 724 am:

211 743 452 809 ‘Hunc
506 766 735 810 unum
779 745 1164 827 plurimae
1219 747 1726 811 consentiunt
1782 662 2227 859 gentedjpo-

211 833 376 916 puli
419 832 871 915 primarium
914 833 1166 899 fuisse
1211 833 1496 899 virum?
1585 834 1741 899 Idne
1782 855 2181 901 consens1sse
2229 847 2333 895 117

211 921 291 984 de
352 917 658 986 Calatino
718 920 1030 1005 plurimas
1095 922 1309 1005 gentis
1376 921 1797 1007 arbitramur,
1847 923 2226 1006 primarium

207 1008 414 1073 fuisse
478 1008 730 1093 populi,
793 1009 965 1093 quod
1016 1008 1611 1093 praestantissimus
1674 1010 1905 1076 fuisset
1956 1011 2025 1075 in
2085 1032 2228 1076 con·

127 1122 184 1161 ιο
210 1096 502 1161 ficiendis
572 1096 1062 1179 voluptatibus?
1168 1096 1348 1179 Ergo
1420 1098 1490 1160 in
1560 1097 1640 1163 iis
1713 1098 2226 1163 adulescentibus

206 1186 454 1250 bonam
503 1206 684 1269 spem
728 1205 868 1249 esse
915 1184 1197 1250 dicemus
1245 1188 1311 1248 et
1355 1205 1660 1269 magnam
1704 1185 2021 1270 indolem,
2066 1207 2225 1270 quos

210 1272 343 1337 suis
381 1271 736 1337 commodis
772 1272 1192 1338 inservituros
1231 1277 1321 1356 et,
1368 1273 1668 1357 quicquid
1710 1274 1870 1357 ipsis
1910 1274 2226 1357 expediat,

206 1360 498 1425 facturos
544 1360 1045 1424 arbitrabimur?
1135 1358 1370 1425 Nonne
1415 1361 1733 1446 videmus,
1787 1365 2029 1445 quanta
2086 1383 2227 1445 per-

207 1448 500 1513 turbatio
536 1469 752 1512 rerum
789 1447 1078 1512 omnium
1115 1452 1569 1533 consequatur,
1606 1452 1850 1532 quanta
1886 1449 2227 1514 confusio?

10 1520 12 1581 ἷ
125 1561 182 1601 15
209 1536 491 1601 Tollitur
543 1536 950 1619 beneficium,
1003 1536 1264 1601 tollitur
1318 1536 1555 1620 gratia,
1614 1557 1776 1620 quae
1822 1540 1972 1601 sunt
2013 1537 2228 1601 vincla

208 1624 608 1690 concordiae.
678 1622 818 1689 Nec
863 1624 1062 1705 enim,
1108 1645 1253 1688 cum
1297 1627 1414 1687 tua
1458 1645 1653 1689 causa
1695 1624 1799 1689 cui
1844 1624 2227 1709 commodeS,

205 1712 593 1777 beneficium
649 1710 814 1774 illud
866 1710 1232 1775 habendum
1296 1715 1422 1789 est,
1487 1711 1598 1776 sed
1657 1711 2011 1776 faeneratio
2021 1762 2061 1795 „
2106 1732 2226 1777 nec

207 1800 426 1884 gratia
475 1798 694 1863 deberi
729 1798 980 1863 videtur
1027 1799 1113 1883 ei,
1158 1798 1268 1883 qui
1303 1821 1421 1863 sua
1467 1820 1662 1863 causa
1706 1799 2228 1864 commodaverit.

207 1887 528 1952 Maximas
584 1907 734 1952 vero
792 1886 1063 1951 virtutes
1119 1887 1325 1951 iacere
1382 1887 1588 1951 omnis
1641 1907 1900 1951 necesse
1961 1889 2062 1951 est
2118 1908 2228 1951 vo-

123 2000 184 2039 20
210 1976 466 2059 luptate
514 1974 900 2038 dominante.
970 1972 1132 2040 Sunt
1172 1974 1369 2038 etiam
1414 1974 1845 2057 turpitudines
1889 1974 2226 2059 plurimae,

210 2085 402 2149 quae,
447 2061 582 2126 nisi
624 2061 931 2125 honestas
975 2065 1208 2126 natura
1251 2062 1600 2145 plurimum
1645 2062 1886 2145 valeat,
1936 2084 2049 2127 cur
2092 2083 2224 2126 non

207 2152 446 2217 cadant
503 2150 575 2213 in
627 2150 1008 2233 sapientem,
1060 2170 1192 2214 non
1245 2152 1345 2213 est
1396 2149 1587 2214 facile
1640 2149 1993 2214 defendere.
2082 2148 2181 2214 Ac
2229 2162 2333 2212 118

204 2260 287 2304 ne
330 2239 526 2321 plura
571 2237 962 2321 complectar
1008 2235 1188 2321 (sunt
1235 2236 1406 2300 enim
1452 2234 2003 2325 innumerabilia),
2062 2238 2225 2302 bene

205 2326 477 2391 laudata
538 2325 742 2389 virtus
805 2324 1160 2408 voluptatis
1225 2325 1436 2389 aditus
1508 2325 1895 2390 intercludat
1964 2345 2224 2389 necesse

123 2436 180 2476 25
208 2416 326 2478 est.
435 2411 623 2487 Quod
686 2412 818 2476 iam
879 2434 919 2475 a
971 2433 1074 2476 me
1128 2415 1497 2496 exspectare
1551 2412 1706 2477 noli.
1802 2412 1967 2476 Tute
2025 2413 2225 2477 intro-

207 2502 385 2585 spice
429 2500 501 2563 in
544 2503 825 2563 mentem
871 2502 1051 2564 tuam
1109 2500 1247 2583 ipse
1294 2521 1562 2584 eamque
1609 2500 1786 2564 omni
1830 2498 2224 2583 cogitatione

204 2590 616 2673 pertractans
668 2590 1050 2670 percontare
1093 2587 1232 2671 ipse
1276 2590 1368 2671 te,
1420 2587 1833 2670 perpetuisne
1878 2586 2069 2650 malis
2114 2607 2224 2651 vo-

204 2675 572 2760 luptatibus
644 2674 978 2757 perfruens
1040 2675 1112 2739 in
1173 2695 1273 2758 ea,
1336 2696 1529 2758 quam
1595 2695 1784 2757 saepe
1847 2673 2225 2757 usurpabaS,

204 2762 679 2846 tranquillitate
762 2761 991 2846 degere
1075 2784 1330 2827 omnem
1411 2764 1691 2826 aetatem
1764 2760 1902 2825 sine
1984 2760 2220 2841 dolore,

117 2874 180 2914 zo
206 2853 545 2933 assumpto
627 2849 823 2914 etiam
893 2850 1038 2932 illo,
1120 2849 1292 2933 quod
1363 2871 1477 2913 vos
1550 2848 1803 2932 quidem
1877 2848 2222 2933 adiungere

207 2938 462 3023 soletis,
517 2936 630 3002 sed
681 2936 824 3001 fieri
873 2958 1005 3001 non
1056 2940 1301 3020 potest,
1362 2936 1500 3001 sine
1555 2934 1796 3001 doloris
1851 2939 2055 3020 metu,
2120 2958 2223 3021 an,

206 3049 354 3093 cum
392 3025 471 3105 de
508 3024 805 3091 omnibus
843 3024 1145 3108 gentibus
1185 3025 1428 3108 optime
1464 3045 1804 3108 mererere,
1850 3046 1996 3089 cum
2033 3046 2222 3107 opem

203 3113 650 3199 indigentibus
706 3112 1104 3196 salutemque
1156 3112 1387 3196 ferreS,
1448 3113 1551 3177 vel
1615 3110 1912 3177 Herculis
1968 3112 2223 3196 perpeti

207 3222 570 3267 aerumnas.
695 3196 802 3265 Sic
874 3200 1044 3264 enim
1114 3200 1389 3265 maiores
1458 3200 1668 3264 nostri
1746 3200 2005 3264 labores
2088 3220 2223 3263 non

121 3316 178 3357 85
203 3289 551 3374 fugiendos
621 3287 1001 3353 tristissimo
1063 3290 1284 3352 tamen
1354 3287 1549 3351 verbo
1621 3309 1958 3352 aerumnas
2023 3286 2220 3350 etiam

203 3379 281 3443 in
335 3378 454 3442 deo
504 3377 1017 3441 nominaverunt.
1119 3358 1437 3439 Elicerem
1494 3396 1571 3439 ex
1614 3377 1683 3439 te
1740 3395 2177 3459 cogeremque,
2224 3382 2329 3433 119

203 3468 288 3529 ut
335 3464 782 3549 respondereS,
834 3464 963 3529 nisi
1015 3476 1291 3548 vererer,
1342 3485 1425 3527 ne
1470 3462 1812 3526 Herculem
1865 3462 2082 3544 ipsum
2128 3480 2221 3542 ea,
