2609 3884
336 172 439 231 DE
476 175 617 232 Fm.
652 175 819 231 BON.
856 176 952 230 ET
987 175 1161 229 MAL.
1225 175 1363 231 LIB.
1400 174 1444 230 1.
1501 175 1654 230 CAP.
1695 183 1739 230 1.
1795 179 1826 242 9
1865 181 2036 230 1-3.
2123 174 2208 238 93

172 349 430 388 maxime
468 332 540 389 ab
579 350 646 389 eo
680 333 907 388 laudari
934 338 994 390 et
1020 333 1338 390 confirmari
1371 332 1442 389 ab
1479 332 1727 389 utilitate
1761 333 2210 403 proficiscentem

174 407 328 474 (cap.
380 407 491 472 20).
577 405 864 460 Summam
908 403 1085 487 igitur
1126 405 1374 475 gratiam
1419 404 1662 474 Epicuro
1705 403 2025 458 habendam
2068 419 2208 472 esse,

176 475 279 543 qui
324 476 564 530 naturae
609 475 737 530 voci
780 491 985 545 parens
1028 491 1181 529 viam
1227 476 1426 530 beatae
1472 476 1534 529 et
1577 474 1802 544 quietae
1846 475 2000 529 vitae
2051 490 2208 529 mon·

176 544 457 600 straverit
490 549 630 615 (cap.
670 549 776 615 21).

362 685 517 753 Non
553 711 731 754 cram
766 690 1018 754 nescius
1028 740 1045 772 ,
1090 687 1318 773 Brute,
1364 711 1538 773 cum,
1584 710 1749 772 quae
1795 689 2063 754 summis
2109 689 2205 753 in·
2247 657 2277 780 ᾖ

176 775 396 861 geniis
467 772 910 860 exquisitaque
977 777 1271 842 doctrina
1334 776 1710 860 philosophi
1767 774 2012 842 Graeco
2077 798 2206 842 ser-

178 885 378 928 mone
441 865 930 950 tractavissent,
992 887 1069 930 ea
1121 865 1375 930 Latinis
1436 864 1673 930 litteris
1737 865 2206 947 mandaremus,

176 951 327 1017 fore
372 955 452 1016 ut
500 951 609 1017 hic
652 956 876 1017 noster
928 953 1117 1018 labor
1159 953 1229 1017 in
1272 953 1488 1017 varias
1533 952 2064 1035 reprehensiones
2109 952 2206 1016 in-

130 1064 157 1105 5
180 1043 492 1105 curreret.
578 1038 753 1106 Nam
798 1040 1209 1125 quibusdam,
1261 1043 1329 1104 et
1371 1041 1454 1105 iis
1509 1041 1769 1125 quidem
1812 1063 1946 1106 non
1990 1040 2207 1105 admo·

181 1126 342 1192 dum
386 1127 696 1211 indoctis,
738 1131 951 1194 totum
984 1128 1110 1194 hoc
1146 1128 1469 1212 displicet,
1514 1127 1982 1212 philosophari.
2055 1128 2206 1204 Qui-

180 1215 337 1279 dam
395 1219 613 1280 autem
664 1237 798 1280 non
853 1220 993 1282 tam
1053 1217 1122 1280 id
1182 1215 1692 1301 reprehendunt,
1755 1217 1812 1282 si
1871 1217 2205 1281 remissius

181 1307 449 1388 agatur,
504 1303 616 1369 sed
658 1307 914 1369 tantum
969 1303 1251 1369 studium
1304 1307 1569 1388 tamque
1621 1305 1894 1370 multam
1941 1326 2207 1389 operam

180 1392 557 1476 ponendam
600 1393 671 1455 in
717 1413 792 1456 eo
835 1413 972 1458 non
1014 1392 1430 1458 arbitrantur.
1518 1391 1732 1456 Erunt
1775 1393 2000 1476 etiam,
2051 1397 2117 1457 et
2159 1394 2207 1457 ii

114 1505 159 1544 ιο
181 1479 450 1563 quidem
492 1478 730 1545 eruditi
772 1478 1035 1545 Graecis
1078 1479 1348 1560 litteris,
1393 1483 1878 1545 contemnentes
1917 1478 2208 1564 Latinae,

182 1567 297 1652 qui
342 1589 417 1632 se
460 1567 681 1632 dicant
730 1568 829 1640 in.
846 1567 1111 1633 Graecis
1165 1567 1456 1652 legendis
1503 1589 1766 1651 operam
1817 1568 2012 1632 malle
2059 1589 2204 1633 con-

182 1676 456 1720 sumere.
545 1655 884 1721 Postremo
940 1656 1189 1740 aliquos
1242 1655 1496 1720 futuros
1551 1655 1871 1738 suspicor,
1927 1657 2037 1740 qui
2101 1679 2206 1720 me

184 1743 268 1808 ad
315 1743 482 1808 alias
525 1743 778 1808 litteras
824 1748 1084 1827 vocent,
1130 1763 1334 1829 genus
1379 1743 1504 1808 hoc
1549 1742 1896 1826 scribendi,
1950 1744 2075 1808 etsi
2119 1743 2208 1808 sit

185 1831 483 1917 elegans,
544 1847 857 1915 personae
920 1835 1142 1896 tamen
1205 1836 1270 1896 et
1335 1830 1675 1917 dignitatis
1748 1842 1887 1896 esse
1948 1835 2206 1917 negent.

114 1944 161 1985 ιε
188 1918 436 1984 Contra
480 1941 643 2004 quos
683 1921 891 1986 omnis
928 1919 1272 1984 dicendum
1306 1919 1590 1984 breviter
1617 1918 1946 2002 existim03
1985 1941 2204 2003 quam·
2241 1933 2274 1984 2

187 2028 385 2091 quam
441 2007 896 2092 philosophiae
950 2007 1212 2093 quidem
1272 2007 1822 2091 vituperatoribus
1888 2008 2046 2073 satis
2109 2030 2206 2073 re·

188 2116 505 2178 sponsum
564 2098 663 2160 est
717 2117 790 2160 eo
844 2096 1042 2180 libro,
1102 2117 1226 2179 quo
1284 2116 1326 2160 a
1377 2094 1568 2160 nobis
1622 2094 2042 2180 philosophia
2104 2096 2222 2161 de·-

184 2182 377 2248 fensa
429 2186 499 2248 et
541 2183 909 2250 collaudata
955 2188 1082 2267 est,
1137 2205 1284 2249 cum
1345 2187 1518 2248 esset
1573 2187 1874 2249 accusata
1926 2187 1993 2248 et
2037 2183 2206 2249 vitu-

188 2275 420 2355 perata
464 2271 549 2336 ab
592 2269 965 2338 Hortensio,
1038 2271 1165 2348 Qui
1208 2270 1378 2335 liber
1422 2293 1569 2336 cum
1615 2275 1682 2337 et
1723 2271 1850 2337 tibi
1892 2272 2205 2356 probatus

117 2385 167 2424 ιο
188 2359 518 2424 videretur
570 2364 638 2424 et
688 2361 800 2444 iis,
855 2382 1016 2445 quos
1071 2381 1194 2446 ego
1245 2381 1442 2443 posse
1493 2359 1794 2432 iudicare,
1839 2360 2207 2444 arbitrarer,

112 2469 119 2478 ·
188 2447 385 2532 plura
445 2449 700 2550 suscepi
758 2450 1003 2514 veritus
1013 2498 1031 2532 ,
1101 2469 1183 2512 ne
1253 2469 1513 2513 movere
1589 2446 1927 2512 hominum
1991 2448 2207 2512 studia

188 2535 461 2619 viderer,
518 2539 797 2602 retinere
848 2558 982 2601 non
1033 2557 1244 2620 posse.
1346 2535 1470 2612 Qui
1523 2537 1766 2618 autem,
1826 2536 1884 2600 si
1926 2535 2206 2600 maxime

186 2623 314 2689 hoc
358 2623 639 2708 placeat,
692 2624 1085 2690 moderatius
1139 2627 1362 2688 tamen
1412 2623 1481 2687 id
1534 2623 1763 2688 volunt
1814 2622 1983 2707 fieri,
2040 2622 2206 2687 diffi-

191 2711 381 2776 cilem
438 2712 761 2796 quandam
812 2711 1312 2796 temperantiam
1363 2710 1699 2796 postulant
1748 2710 1820 2775 in
1871 2732 1978 2794 eo,
2036 2711 2206 2795 quod

120 2822 169 2863 25
194 2799 394 2864 semel
449 2798 803 2865 admissum
855 2800 1134 2866 coerceri
1192 2799 1583 2883 reprimique
1636 2819 1768 2864 non
1826 2801 2070 2884 potest,
2134 2803 2209 2863 ut

192 2886 659 2972 propemodum
741 2887 1119 2953 iustioribus
1192 2890 1453 2952 utamur
1522 2886 1683 2970 illis,
1765 2887 1874 2971 qui
1946 2887 2206 2953 omnino
2285 2913 2294 2922 ·

195 2978 467 3040 avocent
510 2995 551 3039 a
592 2975 1032 3060 philosophia,
1085 2997 1283 3060 quam
1331 2975 1462 3059 his,
1517 2974 1628 3059 qui
1679 2975 1873 3040 rebus
1932 2975 2206 3040 infinitis

138 3091 153 3106 ·
192 3062 456 3128 modum
510 3063 909 3129 constituant
960 3061 1031 3128 in
1081 3085 1276 3149 reque
1333 3085 1408 3128 eo
1462 3060 1762 3147 meliore,
1816 3085 1943 3148 quo
1998 3063 2209 3128 maior

195 3150 308 3233 sit,
350 3150 867 3217 mediocritatem
912 3151 1293 3217 desiderent.
1395 3149 1542 3216 Sive
1595 3150 1767 3215 enim
1825 3150 1906 3214 ad
1955 3152 2205 3236 sapien·
2243 3163 2276 3212 3

124 3260 171 3301 so
192 3239 355 3302 tiam
407 3238 728 3322 perveniri
778 3243 1025 3324 potest,
1074 3261 1209 3305 non
1259 3238 1552 3323 paranda
1601 3239 1792 3304 nobis
1849 3239 2059 3304 solum
2113 3261 2193 3304 ea

196 3325 305 3391 sed
360 3324 631 3391 fruenda
683 3327 881 3392 etiam
936 3331 1062 3411 est3
1117 3327 1252 3393 sive
1306 3326 1432 3391 hoc
1485 3326 1753 3409 difficile
1809 3326 1932 3409 est,
1984 3330 2206 3390 tamen

195 3435 311 3479 nec
352 3413 583 3478 modus
630 3418 731 3479 est
772 3415 950 3483 ullus
991 3414 1430 3501 investigandi
1472 3414 1637 3497 veri,
1694 3414 1822 3478 nisi
1865 3414 2207 3494 inveneris,

196 3505 260 3567 et
320 3502 664 3582 quaerendi
726 3502 1108 3589 defetigatio
1171 3502 1380 3586 turpis
1455 3505 1580 3586 est,
1651 3522 1798 3565 cum
1869 3500 1962 3584 id,
2035 3500 2204 3585 quod
