2609 3884
399 152 486 218 30
939 153 1523 210 ACADEMICORUM
1556 155 1891 211 PRIORUM

393 339 556 404 quae
603 320 829 381 contra
873 316 1253 394 dicerentur,
1299 315 1427 380 dici
1468 321 1765 400 oportere
1800 318 2139 401 putabant,
2183 341 2271 386 ne
2308 320 2421 405 qui

290 413 356 462 18
391 405 788 469 fallerentur.
892 403 1190 488 Plerique
1251 408 1478 468 tamen
1530 408 1596 468 et
1657 405 2060 471 definitiones
2121 408 2421 491 ipsarum

392 495 591 558 etiam
619 493 1012 557 evidentium
1031 515 1248 557 rerum
1274 513 1408 556 non
1434 493 1808 577 improbant
1834 497 1901 558 et
1925 516 2063 559 rem
2091 495 2417 574 idoneam,

391 582 468 645 de
513 603 640 666 qua
687 584 1055 665 quaeratur,
1100 585 1166 644 et
1212 581 1509 652 homines
1550 581 1807 666 dignos,
1852 583 2241 667 quibuscum
2286 585 2415 648 dis-

392 673 667 751 seratur,
739 673 987 753 putant.
1101 668 1292 734 Philo
1360 671 1576 734 autem
1647 669 1801 734 dum
1861 693 2031 736 nova
2094 671 2416 756 quaedam
2441 697 2469 737 5

391 761 774 841 commovet,
817 756 988 840 quod
1025 777 1102 821 ea
1151 758 1465 822 sustinere
1501 758 1611 822 vix
1646 761 1922 841 poterat,
1974 781 2137 842 quae
2183 764 2419 824 contra

390 846 929 913 Academicorum
965 845 1395 928 pertinaciam
1432 845 1831 924 dicebantur,
1876 851 1941 912 et
1975 850 2197 931 aperte
2232 869 2417 913 men·

390 935 568 1016 titur,
611 937 686 998 ut
732 936 831 998 est
873 933 1300 1015 reprehensus
1340 956 1379 998 a
1414 936 1599 1017 patre
1638 931 1890 1017 Catulo,
1935 939 2025 1014 et,
2070 938 2145 999 ut
2190 935 2419 1002 docuit

391 1021 755 1088 Antiochus
766 1071 784 1104 ,
828 1021 900 1085 in
935 1021 1002 1085 id
1037 1022 1253 1105 ipsum
1291 1043 1359 1086 se
1394 1021 1624 1105 induit,
1670 1023 1840 1107 quod
1877 1023 2166 1088 timebat.
2243 1021 2415 1089 Cum

393 1111 564 1174 enim
618 1110 712 1174 ita
765 1113 1033 1210 negaret
1086 1109 1437 1194 quidquam
1492 1130 1631 1173 esse
1640 1161 1658 1193 ,
1722 1110 1890 1194 quod
1950 1111 2414 1195 comprehendi
2442 1141 2495 1178 ιο

389 1201 613 1282 posset
657 1196 752 1280 (id
807 1218 978 1260 emm
1031 1197 1328 1262 volumus
1376 1219 1513 1261 esse
1568 1191 2083 1286 ἀκατάληπτον),
2136 1201 2194 1264 si
2248 1201 2415 1265 illud

392 1289 594 1367 esset,
638 1287 806 1350 sicut
840 1283 1016 1352 Zeno
1039 1285 1381 1367 definiret,
1426 1285 1560 1349 tale
1600 1287 1812 1351 visum
1858 1285 2019 1372 (iam
2065 1289 2238 1352 enim
2284 1289 2415 1354 hoc

371 1367 507 1458 'pro
545 1375 876 1460 φαντασίᾳ
902 1372 1173 1438 verbum
1201 1373 1365 1438 satis
1401 1373 1703 1440 hesterno
1734 1396 2027 1440 sermone
2058 1375 2416 1463 trivimus),

387 1462 599 1528 visum
635 1462 838 1545 igitur
872 1462 1262 1545 impressum
1301 1461 1711 1546 effictumque
1749 1485 1827 1527 ex
1865 1484 1969 1546 eo,
2014 1464 2179 1528 unde
2218 1469 2413 1550 esset,

387 1551 575 1636 quale
621 1571 762 1614 esse
820 1570 957 1614 non
1010 1554 1234 1633 posset
1271 1571 1351 1614 ex
1388 1572 1492 1634 e0,
1537 1551 1704 1614 unde
1748 1574 1881 1617 non
1928 1556 2098 1616 esset
2144 1550 2241 1638 (id
2287 1576 2408 1619 nos
2438 1578 2489 1618 15

389 1661 429 1704 a
455 1638 710 1704 Zenone
747 1637 1082 1703 definitum
1106 1638 1466 1702 rectissime
1481 1647 1486 1652 ⁴
1503 1637 1801 1722 dicimus3
1838 1641 1949 1722 qui
1978 1641 2150 1705 enim
2186 1644 2413 1724 potest

387 1727 740 1811 quidquam
786 1725 1267 1810 comprehendi,
1320 1728 1395 1790 ut
1445 1727 1640 1809 plane
1696 1727 1977 1792 confidas
2030 1733 2413 1812 perceptum

386 1816 460 1879 id·
499 1814 955 1899 cognitumque
1001 1835 1168 1896 esse,
1215 1814 1388 1898 quod
1432 1817 1531 1878 est
1575 1815 1741 1897 tale,
1785 1816 1972 1899 quale
2018 1816 2122 1880 vel
2165 1816 2411 1882 falsum

389 1924 529 1966 esse
592 1901 872 1986 possit?)
939 1937 1014 1949 —
1082 1901 1207 1967 hoc
1274 1923 1421 1967 cum
1481 1903 1772 1967 infirmat
1832 1905 2128 1988 tollitque
2196 1904 2410 1988 Philo,
2534 1893 2548 1907 ³

283 2021 288 2026 ·
388 1990 694 2053 iudicium
748 1989 925 2054 tollit
976 1990 1290 2074 incogniti
1348 1994 1413 2054 et
1457 1992 1717 2074 cogniti.
1797 1991 1899 2055 Ex
1926 2013 2069 2076 quo
2126 1993 2410 2058 efficitur
2433 2018 2487 2056 »ο

386 2077 551 2142 nihil
634 2098 824 2159 posse
896 2077 1367 2162 comprehendi.
1480 2076 1584 2144 Ita
1653 2080 2025 2163 imprudens
2100 2102 2201 2159 eo,
2277 2103 2405 2165 quo

385 2164 649 2228 minime
703 2164 871 2248 volt,
923 2167 1293 2231 revolvitur.
1395 2165 1605 2242 Quare
1661 2167 1870 2233 omnis
1922 2168 2130 2234 oratio
2178 2175 2409 2234 eontra

386 2252 806 2317 Academiam
869 2254 1214 2337 suscipitur
1277 2277 1317 2318 a
1376 2255 1567 2319 nobis
1584 2305 1603 2339 ,
1666 2258 1741 2319 ut
1801 2257 2193 2321 retineamus
2261 2279 2407 2322 eam

387 2340 852 2424 definitionem,
898 2363 1092 2425 quam
1135 2340 1327 2406 Philo
1376 2342 1586 2408 voluit
1628 2347 1930 2408 evertere.
2022 2343 2232 2420 Quam
2274 2346 2407 2410 nisi

388 2429 779 2513 obtinemus,
824 2429 1072 2512 percipi
1116 2429 1276 2494 nihil
1325 2451 1514 2512 posse
1561 2431 1984 2496 concedimus,
2430 2457 2483 2496 ετ
2577 2433 2578 2442 ’

521 2517 864 2582 Ordiamur
935 2517 1136 2602 igitur
1207 2539 1246 2580 a
1324 2518 1645 2603 sensibus3
1716 2541 1985 2603 quorum
2055 2521 2153 2584 ita
2226 2521 2408 2586 clara

383 2606 624 2671 iudicia
679 2610 744 2670 et
797 2608 972 2670 certa
1039 2609 1213 2689 sunt,
1277 2609 1377 2687 ut,
1441 2606 1497 2670 si
1561 2607 1739 2690 optio
1802 2610 2072 2672 naturae
2137 2613 2406 2676 nostrae

385 2693 597 2776 detur,
653 2696 718 2756 et
773 2694 854 2756 ab
903 2715 980 2758 ea
1035 2693 1190 2758 deus
1250 2694 1451 2777 aliqui
1502 2695 1815 2778 requirat,
1873 2698 2260 2761 contentane
2316 2699 2407 2760 sit

386 2781 520 2843 suis
606 2781 878 2863 integris
959 2782 1477 2865 incorruptisque
1528 2783 1877 2866 ·sensibuS,
1958 2806 2041 2848 an
2111 2785 2408 2867 postulet

383 2866 614 2931 melius
680 2867 956 2950 aliquid,
1018 2889 1153 2932 non
1216 2868 1500 2953 videam,
1564 2871 1716 2953 quid
1777 2875 2043 2954 quaerat
2102 2874 2405 2956 amplius,
2428 2899 2482 2938 so

381 2953 520 3018 Nec
563 2976 718 3020 vero
772 2954 897 3018 hoc
948 2955 1094 3019 loco
1151 2957 1649 3039 exspectandum
1705 2961 1830 3041 est,
1882 2959 2033 3023 dum
2088 2959 2165 3024 de
2220 2983 2404 3026 remo

383 3042 621 3108 inflexo
669 3046 782 3106 aut
835 3041 912 3106 de
959 3042 1125 3106 collo
1173 3041 1509 3110 columbae
1554 3047 2005 3130 respondeam3
2048 3069 2181 3112 non
2228 3050 2404 3113 enim

382 3131 440 3195 is
489 3152 657 3214 sum,
704 3131 839 3214 qui,
886 3130 1191 3214 quidquid
1235 3131 1514 3215 videtur,
1558 3134 1693 3198 tale
1740 3135 1949 3198 dicam
1992 3157 2159 3218 esse,
2212 3138 2405 3220 quale

381 3219 692 3282 videatur.
790 3218 1112 3302 Epicurus
1166 3219 1290 3285 hoc
1345 3221 1579 3285 viderit
1632 3225 1698 3286 et
1752 3223 1881 3287 alia
1939 3225 2161 3288 multa.
2252 3224 2400 3290 Meo

384 3317 600 3369 autem
645 3306 880 3370 iudicio
927 3307 1022 3370 ita
1070 3310 1168 3370 est
1213 3309 1497 3372 maxima
1557 3309 1626 3373 in
1672 3311 1965 3376 sensibus
2013 3313 2281 3396 veritaS‚
2342 3315 2400 3378 si
2425 3339 2479 3380 τε

383 3396 448 3456 et
495 3394 631 3456 sani
683 3397 832 3457 sunt
878 3415 953 3458 ac
1000 3395 1318 3473 valenteS,
1374 3399 1438 3458 et
1486 3398 1703 3460 omnia
1744 3403 2183 3482 removentur,
2238 3423 2403 3485 quae

381 3481 654 3545 obstant
695 3485 761 3545 et
813 3481 1190 3562 impediunt.
1279 3480 1505 3565 Itaque
1552 3487 1619 3546 et
1663 3484 1883 3548 lumen
1926 3489 2166 3550 mutari
2209 3511 2403 3574 saepe
