2609 3884
427 209 515 274 54
935 205 1519 262 ACADEMICORUM
1553 205 1886 260 PRIORUM

429 370 540 436 sed
567 371 764 435 etiam
810 368 1056 433 imitari
1092 389 1444 452 numquam
1488 367 1618 432 nisi
1647 368 1909 452 clarum,
1954 367 2082 432 nisi
2106 367 2450 433 nobilem?

426 459 630 543 Atqui
692 457 1015 522 habebam
1077 456 1388 520 molestos
1452 455 1662 538 vobi8‚
1735 456 1848 520 sed
1912 456 2222 540 minutoS,
2288 455 2448 521 Stil-

426 567 689 629 ponem,
751 544 1133 626 Diodorum,
1191 543 1563 624 Alexinum,
1627 564 1916 645 quorum·
1945 547 2098 608 sunt
2141 547 2452 609 contorta

428 637 494 698 et
522 633 815 698 aculeata
851 632 1163 717 quaedam
1208 631 1636 716 sophismata3
1686 631 1778 695 sic
1816 631 1984 695 enim
2033 632 2452 714 appellantur

426 720 693 786 fallaces
739 719 1319 785 conclusiunculae.
1402 716 1527 783 Sed
1571 718 1725 802 quid
1769 740 1880 784 eos
1925 718 2247 803 colligam,
2295 741 2450 784 cum
2481 745 2510 785 5

425 809 704 874 habeam
732 807 1180 891 Chrysippum,
1226 806 1338 890 qui
1373 805 1598 870 fulcire
1624 809 1893 889 putatur
1917 808 2240 890 porticum
2270 807 2448 872 Stoi-

428 896 690 962 corum?
774 895 981 971 Quam
1024 895 1235 958 multa
1278 894 1390 958 ille
1434 898 1664 958 contra
1707 915 1949 978 sensuS,
1993 917 2189 978 quam
2233 895 2452 960 multa

428 987 653 1048 contra
696 983 940 1066 omnia,
1004 1003 1166 1065 quae
1231 982 1300 1046 in
1355 982 1812 1046 consuetudine
1869 982 2254 1065 probantur!
2349 983 2451 1046 At

427 1071 727 1136 dissolvit
768 1070 958 1134 idem.
1031 1068 1198 1133 Mihi
1242 1069 1501 1154 quidem
1545 1091 1681 1135 non
1723 1069 2002 1153 videtur3
2049 1070 2161 1134 sed
2207 1069 2448 1136 dissol-

424 1159 592 1223 verit
647 1179 819 1222 sane.
911 1155 1099 1222 Certe
1162 1160 1299 1221 tam
1356 1157 1564 1222 multa
1624 1179 1759 1222 non
1815 1157 2210 1242 collegisset,
2273 1180 2449 1242 quae
2481 1185 2537 1224 ιο

426 1267 545 1310 nos
590 1245 897 1309 fallerent
939 1244 1403 1327 probabilitate
1446 1264 1705 1329 magna,
1748 1246 1878 1310 nisi
1923 1245 2172 1310 videret
2214 1246 2296 1310 iis
2345 1269 2450 1310 re-

324 1345 389 1394 ’16
430 1334 574 1398 sisti
634 1355 768 1398 non
827 1332 1019 1397 facile
1080 1354 1290 1416 posse.
1401 1332 1565 1408 Quid
1637 1331 2022 1416 Cyrenaici?
2087 1333 2446 1436 [videntur]

427 1421 690 1486 minime
736 1421 1092 1504 contempti
1152 1420 1551 1505 philosophi,
1612 1421 1723 1504 qui
1779 1423 2026 1504 negant
2079 1443 2217 1486 3333
2263 1423 2445 1506 quic·

428 1531 641 1594 quam,
686 1509 855 1593 quod
899 1510 1147 1602 percipi
1189 1509 1402 1592 possit
1435 1508 1856 1594 extrinsecus3
1904 1531 1982 1574 ea
2017 1530 2086 1574 se
2107 1509 2262 1574 sola
2294 1532 2448 1593 per-

427 1600 658 1681 cipere,
704 1619 866 1681 quae
911 1588 1091 1661 tactu
1135 1597 1384 1661 intumo
1424 1596 1724 1681 sentiant,
1769 1601 1844 1662 ut
1873 1597 2176 1682 dolorem,
2219 1601 2294 1662 ut
2329 1620 2445 1663 vo·
2479 1625 2531 1664 15

424 1687 770 1787 luptatem3
814 1707 1019 1770 neque
1055 1707 1143 1769 33,
1190 1707 1317 1769 quo
1363 1684 1517 1770 quid
1553 1685 1764 1750 colore
1809 1689 1926 1750 aut
1969 1707 2094 1769 quo
2132 1706 2293 1750 sono
2333 1687 2446 1770 sit,

426 1775 610 1856 scire,
661 1773 774 1838 sed
816 1776 1072 1837 tantum
1118 1772 1357 1838 sentire
1408 1772 1596 1836 adfici
1641 1794 1710 1836 33
1754 1774 2033 1856 quodam
2076 1773 2288 1838 modo.

560 1858 733 1925 Satis
769 1861 974 1924 multa
1009 1861 1086 1924 de
1124 1861 1514 1925 auctoribus.
1569 1860 1971 1944 Quamquam
1999 1882 2077 1925 ex
2111 1883 2215 1925 me
2252 1883 2447 1946 quae-

426 1949 655 2032 sieraS,
709 1970 923 2013 nonne
982 1952 1280 2032 putarem
1326 1953 1479 2031 post
1530 1947 1680 2013 illos
1724 1953 1972 2013 veteres
2017 1952 2120 2013 tot
2165 1951 2444 2015 saeculis

424 2036 699 2101 inveniri
744 2057 963 2100 verum
1015 2040 1301 2119 potuisse
1353 2039 1456 2101 tot
1509 2036 1787 2121 ingeniis
1830 2036 2158 2121 tantisque
2205 2037 2444 2102 studiis
2478 2064 2530 2103 20

424 2123 900 2208 quaerentibus„
992 2122 1159 2200 Quid
1214 2125 1545 2188 inventum
1593 2125 1706 2208 sit,
1760 2126 1957 2208 paulo
2002 2128 2154 2208 post
2196 2124 2445 2210 videro,

422 2215 492 2275 te
554 2212 698 2294 ipso
754 2211 1009 2294 quidem
1073 2211 1299 2276 iudice.
1390 2212 1731 2277 Arcesilan
1792 2234 1946 2278 vero
1998 2234 2134 2277 non
2189 2212 2444 2278 obtrec-

422 2300 606 2363 tandi
655 2321 850 2364 causa
895 2321 1039 2365 cum
1085 2299 1337 2364 Zenone
1381 2301 1791 2385 pugnavisse,
1838 2301 1950 2364 sed
1994 2321 2217 2364 verum
2263 2301 2443 2366 inve-

319 2397 387 2446 ’17
423 2388 564 2452 nire
635 2388 918 2452 voluisse
990 2387 1086 2454 sic
1163 2387 1592 2472 intellegitur.
1697 2387 1906 2453 Nemo
1978 2409 2283 2472 umquam
2337 2411 2443 2454 su-

396 2477 752 2561 periorum
778 2498 910 2541 non
936 2475 1125 2541 modo
1156 2480 1574 2577 expresserat,
1619 2476 1730 2541 sed
1763 2499 1846 2541 ne
1893 2476 2144 2541 dixerat
2179 2477 2440 2560 quidem
2473 2501 2527 2542 26

420 2587 613 2648 posse
668 2565 998 2630 hominem
1041 2564 1212 2629 nihil
1266 2565 1548 2647 opinari,
1611 2585 1732 2628 nec
1777 2564 1984 2629 solum
2038 2585 2259 2649 posse,
2330 2565 2444 2630 sed

422 2653 518 2717 ita
559 2675 822 2718 necesse
856 2674 997 2718 esse
1037 2652 1333 2736 sapienti.
1403 2651 1566 2716 Visa
1602 2657 1703 2716 est
1738 2651 2068 2717 Arcesilae
2105 2673 2253 2716 cum
2288 2674 2445 2717 vera

422 2741 764 2823 sententia,
806 2744 947 2805 tum
991 2741 1269 2806 honesta
1303 2743 1371 2803 et
1405 2739 1604 2824 digna
1639 2740 1962 2823 sapiente,
2007 2740 2332 2840 quaesivit
2363 2741 2443 2804 de

423 2826 679 2890 Zenone
723 2790 1031 2910 fbrtasse,
1079 2828 1230 2911 quid
1276 2827 1564 2891 futurum
1610 2831 1797 2910 esset,
1843 2827 1902 2892 si
1943 2848 2064 2891 nec
2107 2829 2442 2911 percipere

420 2914 803 3083 fflssfffflss‘zff.
817 2915 1524 3066 Pssffiffsi‘ssssissssussffl
1558 2915 1832 3067 Οὲἓὲἒ
1857 2915 2444 3086 ,ἰέἓὲῗὶῗίῗὸθῇ
2472 2941 2524 2980 ³⁰

423 3088 553 3171 cipi
588 3050 827 3171 posset.
894 3087 1063 3164 Quid
1085 3024 1251 3173 Idrgo
1289 3090 1358 3153 id
1395 3025 1610 3155 esset?
1666 3026 1918 3174 disum,
1963 3024 2169 3154 credlo.
2234 3025 2444 3166 Qggfe

422 3176 627 3260 igitur
670 3175 924 3240 visum?
1013 3174 1176 3241 Tum
1220 3177 1410 3242 illum
1465 3179 1561 3243 ita
1607 3178 1930 3242 definisse.
1984 3199 2061 3242 ex
2108 3199 2213 3260 30,
2269 3179 2448 3262 quod

417 3267 609 3347 esset,
656 3263 823 3328 sicut
867 3268 1053 3349 esset,
1097 3265 1485 3366 impressum
1532 3268 1598 3330 et
1642 3267 1972 3350 signatum
2018 3268 2085 3329 et
2133 3227 2442 3332 effictum.

420 3347 584 3416 Post
618 3352 1019 3436 requisitum,
1066 3353 1362 3437 etiamne,
1401 3355 1456 3417 si
1493 3354 1778 3417 eiusdem
1816 3353 1993 3418 modi
2030 3356 2201 3418 essct
2225 3358 2445 3418 visum
2471 3380 2520 3421 ⁸5
2578 3395 2583 3402 ·

421 3459 663 3522 verum,
707 3439 897 3522 quale
944 3441 1045 3504 vel
1090 3441 1345 3505 falsum.
1427 3439 1553 3504 Hic
1601 3440 1922 3505 Zenonem
1968 3440 2205 3504 vidisse
2253 3444 2443 3506 acute

422 3525 678 3590 nullum
725 3548 862 3591 esse
907 3529 1147 3610 visum,
1211 3527 1386 3610 quod
1438 3527 1687 3610 percipi
1747 3530 1998 3610 posset,
2061 3527 2120 3591 si
2181 3527 2251 3591 id
2301 3529 2441 3594 tale
