2609 3884
713 106 847 200 Lis.
883 144 927 200 1.
982 143 1136 201 cAP.
1175 150 1349 201 ἰω-9.
1404 150 1435 210 5
1472 150 1716 200 25—30.
2097 144 2224 209 103

195 302 352 369 est?
440 303 579 369 Tuo
641 324 792 369 vero
855 303 923 371 id
979 304 1262 389 quidem,
1322 304 1618 389 inquam,
1681 306 2016 373 arbitratu.
2121 304 2229 373 Sic

195 391 447 457 faciam
497 390 729 476 igitur,
783 392 1021 477 inquit.
1093 415 1292 457 unam
1344 414 1484 458 rem
1539 392 1906 479 explicabo,
1958 416 2229 478 eamque

193 479 585 565 maximam,
631 479 709 545 de
753 479 1046 564 physicis
1093 481 1282 560 alias,
1340 484 1407 545 et
1452 479 1710 565 quidem
1753 482 1877 547 tibi
1923 486 1991 547 et
2032 482 2225 547 decli-

192 566 537 633 nationem
581 567 778 633 istam
821 572 1185 634 atomorum
1229 571 1298 633 et
1332 568 1846 654 magnitudinem
1880 569 2039 636 solis
2076 592 2223 655 pro·
2329 578 2375 632 >³⁸

137 682 166 723 ⁵
195 656 377 721 babo
433 659 500 720 et
551 643 912 721 Democriti
965 660 1183 721 errata
1233 656 1317 721 ab
1372 655 1659 740 Epicuro
1712 657 2106 741 reprehensa
2160 661 2229 723 et

28 752 31 757 ’
195 746 501 817 correcta
551 744 894 827 permulta.
989 742 1181 810 Nunc
1237 744 1447 809 dicam
1503 745 1582 810 de
1635 746 1995 829 voluptate,
2058 746 2227 811 nihil

196 831 456 897 scilicet
502 830 687 915 novi,
751 853 830 897 ea
883 834 1130 912 tamen,
1193 853 1359 917 quae
1413 835 1481 897 te
1534 832 1751 916 ipsum
1800 834 2227 917 probaturum

194 940 348 983 esse
393 918 730 1020 confidam.
803 917 1020 1004 Certe,
1063 919 1333 1006 inquam
1340 970 1360 1005 ,
1403 919 1705 1003 pertinax
1742 942 1874 987 11011
1918 942 2029 987 010
2072 921 2223 987 tibi·

193 1028 345 1091 que,
382 1006 441 1071 si
467 1006 627 1071 mihi
663 1008 972 1109 probabis
1009 1029 1104 1092 ea,
1140 1029 1301 1093 quae
1336 1007 1528 1091 dices,
1570 1008 1851 1074 libenter
1886 1010 2223 1076 assentiar.

105 1121 162 1161 10
191 1094 529 1178 Probab0,
573 1094 812 1180 inquit,
858 1095 1048 1161 modo
1083 1096 1218 1161 ista
1253 1095 1345 1162 sis
1384 1095 1736 1181 aequitate,
1781 1118 1975 1181 quam
2011 1100 2220 1163 osten·
2257 1110 2325 1160 29

193 1182 320 1247 dis.
395 1144 529 1247 Sed
556 1182 658 1248 uti
693 1184 988 1285 oratione
1023 1186 1338 1268 perpetua
1373 1185 1547 1249 malo
1586 1205 1779 1269 quam
1818 1184 2223 1270 interrogare

193 1274 320 1335 aut
375 1269 784 1356 interrogari.
896 1270 993 1338 Ut
1063 1273 1308 1356 placet,
1376 1272 1661 1385 inquam.
1778 1271 1945 1337 Tum
2015 1272 2223 1339 dicere

193 1379 467 1423 exorsus
524 1362 641 1423 est.
2528 1390 2553 1425 x

333 1436 626 1514 Ρ1111111111
667 1446 898 1532 igitur,
951 1446 1192 1533 inquit,
1247 1445 1342 1511 sic
1388 1467 1610 1533 agam,
1662 1451 1738 1513 ut
1791 1447 1921 1531 ipsi
1972 1449 2225 1515 auctori
2260 1444 2301 1510 9

105 1560 160 1601 15
190 1534 395 1599 huius
433 1534 810 1619 disciplinae
853 1536 1095 1618 placet:
1143 1534 1559 1617 constituam,
1604 1535 1760 1619 quid
1796 1539 1865 1600 et
1907 1536 2095 1620 quale
2138 1537 2225 1602 sit

189 1621 419 1704 111,ᾶο
463 1644 589 1707 quo
635 1622 1034 1707 quaerimus,
1077 1644 1211 1688 non
1256 1644 1383 1707 quo
1426 1622 1727 1707 ignorare
1771 1644 1889 1689 vos
1927 1624 2223 1709 arbitrer,

193 1709 315 1775 sed
377 1713 452 1775 ut
512 1711 768 1777 ratione
831 1714 900 1775 01
958 1711 1068 1777 via
1126 1710 1441 1794 procedat
1502 1711 1731 1775 oratic.
1838 1710 2221 1787 Quaerimus

190 1798 433 1882 igitur,
477 1798 633 1883 quid
671 1798 768 1863 sit
810 1802 1169 1865 extremum
1213 1801 1281 1863 01
1315 1798 1618 1863 ultimum
1658 1798 2005 1883 bonorum3
2051 1799 2223 1885 quod

193 1886 492 1951 omnium
544 1886 1082 1970 philosophorum
1134 1886 1462 1951 sententia
1504 1885 1639 1952 tale
1684 1876 1879 1954 dehet
1920 1908 2091 1972 esse,
2148 1891 2226 1953 ut

101 2000 160 2041 80
192 1974 280 2039 ad
325 1973 395 2037 id
441 1974 662 2039 omnia
702 1974 930 2039 referri
975 1977 1297 2059 oporteat,
1354 1975 1570 2057 ipsum
1623 1977 1839 2040 autem
1880 1996 2225 2059 nusquam.

188 2060 344 2127 Hoc
369 2060 738 2145 Epicurus
717 2084 789 2128 111
815 2062 1152 2145 voluptate
1187 2062 1395 2145 ponit,
1431 2061 1601 2146 quod
1628 2084 1949 2129 summum
1980 2063 2225 2128 bonum

189 2170 340 2215 esse
380 2150 544 2234 vult,
592 2171 1046 2235 summumque
1080 2150 1326 2215 malum
1362 2149 1676 2235 dolorem,
1710 2150 1903 2235 idque
1937 2150 2225 2217 instituit

190 2238 425 2303 docere
489 2238 612 2304 sic:
702 2237 909 2306 Omne
975 2238 1244 2323 animal,
1320 2238 1514 2303 simul
1576 2242 1767 2323 atque
1826 2242 2054 2303 natum
2118 2239 2223 2317 sit,
2258 2259 2328 2310 30

187 2325 600 2409 voluptatem
655 2329 958 2410 appetere
1013 2347 1230 2413 eaque
1269 2326 1547 2412 gaudere
1600 2329 1677 2392 ut
1731 2348 1982 2392 summo
2027 2326 2221 2411 bon0,

107 2438 162 2481 25
191 2414 492 2485 dolorem
545 2413 884 2499 aspernari
945 2416 1022 2479 ut
1072 2435 1393 2479 summum
1446 2414 1693 2479 malum
1754 2417 1845 2493 01,
1907 2418 2223 2499 quantum

189 2502 442 2603 possit,
483 2525 524 2568 a
568 2524 637 2567 se
680 2502 1026 2586 repellere,
1079 2501 1273 2587 idque
1322 2501 1537 2568 facere
1580 2502 1868 2567 nondum
1912 2501 2221 2585 deprava-

188 2596 338 2655 tum
349 2638 368 2673 ,
419 2590 566 2674 ipsa
617 2595 858 2656 natura
910 2590 1280 2674 incorrupte
1336 2593 1530 2674 atque
1582 2589 1836 2674 integre
1880 2589 2221 2656 iudicante.

189 2678 426 2762 Itaque
482 2681 684 2763 negat
745 2700 907 2765 opus
971 2699 1112 2745 esse
1176 2678 1431 2743 ratione
1491 2698 1698 2761 neque
1762 2677 2222 2761 disputatione,

191 2788 394 2849 quam
440 2766 524 2833 ob
561 2788 701 2831 rem
736 2768 1036 2852 voluptas
1076 2766 1459 2849 expetenda,
1504 2765 1847 2850 fugiendus
1883 2764 2070 2831 dolor
2115 2766 2221 2831 sit.

109 2879 164 2920 ⁸0
193 2853 440 2919 Sentiri
472 2853 636 2919 haec
669 2858 878 2939 putat,
913 2857 989 2920 ut
1023 2855 1231 2920 calere
1266 2854 1518 2937 ignem,
1550 2854 1771 2919 nivem
1805 2874 1947 2919 esse
1984 2853 2218 2937 albam,

190 2942 326 3007 mel
365 2940 578 3028 dulce;
625 2963 895 3026 quorum
928 2942 1096 3007 nihil
1135 2945 1434 3026 oportere
1480 2941 1818 3026 exquisitis
1854 2941 2217 3007 rationibus

193 3029 604 3113 confirmare,
665 3032 922 3095 tantum
989 3030 1150 3096 satis
1214 3051 1356 3094 esse
1421 3030 1782 3095 admonere.
1894 3028 2216 3095 Interesse

192 3119 366 3183 enim
422 3117 596 3185 inter
652 3120 1100 3203 argumentum
1153 3117 1754 3201 conclusionemque
1816 3118 2089 3183 rationis
2154 3122 2219 3182 01

191 3207 368 3272 inter
384 3206 777 3271 mediocrem
808 3202 1455 3271 animadversionem
1460 3208 1653 3290 atque
1682 3204 2218 3288 admonitionem3

113 3319 164 3360 85
193 3295 401 3361 altera
429 3294 686 3360 occulta
722 3292 1037 3377 quaedam
1064 3297 1134 3358 et
1167 3294 1354 3378 quasi
1389 3292 1689 3359 involuta
1716 3293 1973 3378 aperiri,
2012 3294 2219 3358 altera

190 3386 499 3468 prompta
537 3385 605 3448 01
639 3385 867 3465 aperta
898 3381 1188 3448 iudicari.
1259 3380 1527 3447 Etenim
1564 3381 1868 3465 quoniam
1904 3380 2215 3446 detractis

192 3471 270 3539 de
313 3471 578 3537 homine
618 3471 912 3537 sensibus
947 3470 1181 3555 reliqui
1215 3469 1383 3534 nihil
1426 3472 1551 3554 est,
1595 3488 1856 3534 necesse
1894 3470 2019 3551 est,
2060 3465 2215 3551 quid
