2609 3884
375 170 534 235 ,196
723 168 822 223 DE
858 165 1147 222 FINIBUS
1182 162 1545 220 BONORUM
1578 163 1674 218 ΕΤ
1710 160 2084 217 MALORUM

402 332 612 399 tauris
655 334 890 395 natura
935 329 1154 394 datum
1202 330 1329 410 est,
1382 328 1458 391 ut
1498 347 1617 410 pro
1660 324 1883 389 vitulis
1927 327 2155 390 contra
2202 324 2427 390 leones

359 478 364 481 .
405 441 657 487 summa
710 420 776 484 vi
837 418 1212 501 impetuque
1276 413 1696 497 contendant,
1750 412 1843 477 sic
1897 412 1975 494 ii,
2032 413 2149 498 qui
2206 414 2429 479 valent

406 509 640 593 opibus
688 510 879 591 atque
923 505 994 569 id
1037 503 1247 569 facere
1303 505 1605 587 possunt,
1660 503 1735 567 ut
1787 500 1865 565 de
1910 498 2191 565 Hercule
2242 504 2314 565 et
2356 497 2429 565 de

403 597 639 663 Libero
713 594 1108 677 accepimus,
1190 591 1271 656 ad
1344 590 1730 656 servandum
1812 608 2013 673 genus
2082 588 2433 653 hominum

403 689 641 751 natura
685 682 1056 748 incitantur.
1136 680 1355 765 Atque
1400 678 1596 743 etiam
1640 676 1861 742 Iovem
1906 696 2052 741 cum
2088 675 2431 761 Optimum
2454 704 2475 742 5

408 777 476 837 et
546 772 904 837 Maximum
976 768 1246 834 dicimus
1336 788 1605 851 cumque
1687 764 1957 831 eundem
2038 762 2432 849 Salutarem,

407 860 847 945 Hospitalem,
891 854 1236 941 Statorem,
1279 856 1406 921 hoc
1446 854 1741 939 intellegi
1776 854 2100 933 volumus,
2148 854 2433 919 salutem

407 949 746 1015 hominum
782 947 853 1011 in
889 946 1023 1011 eius
1062 966 1203 1010 esse
1246 944 1471 1009 tutela.
1541 942 1809 1007 Minime
1852 944 2069 1007 autem
2108 943 2433 1026 convenit,

411 1060 558 1103 cum
601 1036 731 1120 ipsi
773 1035 945 1099 inter
988 1054 1109 1099 nos
1153 1032 1315 1098 viles
1350 1031 1755 1115 neglectique
1801 1030 2030 1114 simus,
2073 1030 2435 1114 postulare,

409 1130 485 1191 ut
539 1124 638 1189 dis
692 1122 1172 1187 immortalibus
1227 1120 1362 1185 cari
1417 1120 1615 1183 simus
1674 1121 1742 1183 et
1794 1119 1876 1182 ab
1931 1118 2014 1183 iis
2060 1118 2433 1203 diligamur.
2458 1142 2499 1185 ιο

411 1212 619 1288 Quem
665 1211 746 1276 ad
790 1210 1055 1276 modum
1097 1209 1302 1294 igitur
1345 1206 1651 1273 membris
1688 1205 1933 1272 utimur
1974 1206 2188 1292 prius,
2234 1229 2435 1293 quam

411 1299 779 1384 didicimuS,
852 1298 1032 1364 cuius
1106 1319 1184 1362 ea
1247 1317 1441 1361 causa
1509 1295 1815 1360 utilitatis
1876 1294 2266 1378 habeamus,
2346 1297 2435 1361 sic

409 1388 583 1452 inter
625 1409 745 1453 nos
789 1389 1023 1451 natura
1077 1385 1159 1449 ad
1204 1384 1459 1449 civilem
1518 1383 2051 1449 communitatem
2093 1384 2437 1449 coniuncti

411 1479 478 1541 et
540 1474 894 1542 consociati
957 1494 1195 1539 sumus.
1303 1471 1491 1548 Quod
1543 1471 1615 1536 ni
1668 1472 1767 1537 ita
1820 1493 1890 1537 se
1946 1471 2247 1555 haberet,
2315 1494 2435 1537 nec

307 1580 374 1630 67
411 1564 702 1629 iustitiae
737 1563 911 1627 ullus
951 1565 1123 1627 esset
1155 1582 1273 1625 nec
1308 1560 1592 1625 bonitati
1634 1560 1834 1624 locus.
1908 1556 2033 1623 Sed
2068 1582 2197 1644 quo
2234 1561 2433 1626 modo
2458 1586 2499 1626 ιε

409 1652 748 1718 hominum
792 1651 962 1715 inter
1005 1649 1302 1714 homines
1347 1648 1505 1713 iuris
1548 1668 1688 1712 esse
1731 1647 1989 1720 ‚vincula
2032 1651 2295 1733 putant,
2342 1650 2433 1714 sic

410 1740 661 1805 homini
714 1739 880 1804 nihil
933 1738 1094 1803 iuris
1140 1758 1280 1802 esse
1328 1757 1472 1800 cum
1526 1735 1772 1800 bestiis.
1860 1733 2206 1800 Praeclare
2260 1738 2433 1801 enim

413 1827 836 1913 Chrysippus,
878 1830 1092 1892 cetera
1116 1827 1274 1890 nata
1300 1846 1440 1889 esse
1465 1823 1801 1888 hominum
1829 1845 2025 1888 causa
2052 1826 2118 1888 et
2147 1824 2435 1909 deorum,

413 1938 524 1982 eos
571 1920 787 1980 autem
834 1913 1319 1980 communitatis
1365 1916 1431 1977 et
1476 1911 1802 1978 societatis
1848 1934 2029 1996 suae,
2079 1916 2154 1976 ut
2202 1913 2432 1978 bestiis

411 2004 705 2069 homines
761 2003 859 2067 uti
913 2003 994 2068 ad
1037 2002 1391 2067 utilitatem
1446 2022 1631 2065 suam
1672 2004 1939 2083 possent
1977 2002 2118 2065 sine
2164 2000 2434 2087 iniuria;
2456 2028 2497 2065 20

413 2091 847 2176 quoniamque
884 2112 961 2156 ea
991 2094 1225 2155 natura
1259 2091 1431 2153 esset
1464 2087 1766 2172 hominis,
1801 2092 1877 2153 ut
1914 2088 1973 2153 ei
2010 2109 2158 2153 cum
2197 2109 2433 2173 genere
2564 2144 2566 2151 .

412 2179 696 2243 humano
751 2178 936 2263 quasi
990 2177 1179 2243 civile
1231 2177 1337 2241 ius
1388 2176 1837 2259 intercederet,
1892 2175 2004 2259 qui
2060 2176 2130 2240 id
2178 2198 2431 2242 conser-

414 2270 624 2350 varet,
670 2288 818 2331 eum
860 2266 1130 2345 iustum,
1176 2265 1288 2348 qui
1332 2265 1670 2348 migraret,
1712 2263 2029 2328 iniustum
2074 2264 2233 2330 fore.
2308 2263 2432 2329 Sed

414 2376 606 2439 quem
651 2354 732 2418 ad
784 2354 1076 2437 modum,
1130 2353 1457 2417 theatrum
1514 2374 1660 2417 cum
1705 2372 2042 2417 commune
2089 2352 2205 2436 sit,
2258 2356 2431 2418 recte

412 2446 634 2509 tamen
680 2441 807 2507 dici
850 2445 1070 2525 potest
1107 2441 1241 2506 eius
1279 2462 1420 2505 esse
1456 2461 1604 2505 eum
1638 2439 1876 2523 locum,
1921 2461 2117 2523 quem
2159 2440 2431 2524 quisque
2456 2466 2499 2506 25

414 2531 770 2615 occuparit,
831 2529 925 2595 sic
969 2531 1038 2593 in
1081 2528 1241 2593 urbe
1285 2527 1607 2592 mundove
1651 2528 1976 2592 communi
2027 2549 2162 2592 non
2210 2527 2432 2593 adver-

413 2622 594 2684 satur
654 2620 782 2702 ius,
857 2639 984 2703 quo
1057 2617 1270 2680 minus
1346 2637 1532 2680 suum
1594 2615 1870 2700 quidque
1944 2616 2255 2700 cuiusque
2324 2616 2431 2679 sit.

308 2723 375 2771 68
413 2706 576 2773 Cum
649 2710 865 2771 autem
939 2705 1021 2770 ad
1096 2703 1375 2786 tuendos·
1454 2702 2051 2786 conservandosque
2132 2702 2427 2768 homines

411 2795 743 2860 hominem
802 2797 1032 2859 natum
1104 2813 1244 2857 esse
1316 2790 1679 2873 videamus,
1751 2793 2258 2855 consentaneum
2327 2795 2429 2855 est

411 2882 565 2947 huic
606 2885 900 2965 naturae,
955 2885 1029 2946 ut
1073 2880 1331 2964 sapiens
1377 2879 1539 2943 velit
1591 2898 1809 2963 gerere
1864 2881 1931 2941 et
1973 2877 2424 2942 administrare
2448 2904 2497 2943 so

413 2992 550 3035 rem
604 2970 932 3052 publicam
987 2972 1205 3053 atque,
1257 2970 1334 3032 ut
1386 2989 1421 3031 e
1466 2970 1700 3031 natura
1744 2965 1950 3048 vivat,
2008 2987 2275 3030 uxorem
2316 2965 2425 3028 ad-

415 3059 680 3142 iungere
745 3059 811 3122 et
862 3055 1026 3119 velle
1081 3077 1159 3119 ex
1213 3077 1290 3119 ea
1342 3055 1602 3119 liberos.
1706 3052 1807 3119 Ne
1862 3074 2117 3118 amores
2174 3052 2425 3137 quidem

415 3148 674 3211 sanctos
715 3166 754 3208 a
791 3143 1078 3227 sapiente
1116 3143 1360 3207 alienos
1395 3164 1533 3206 esse
1564 3141 1979 3206 arbitrantur.
2045 3138 2423 3224 Cynicorum

414 3236 632 3298 autem
676 3232 994 3296 rationem
1040 3234 1234 3315 atque
1271 3231 1473 3294 vitam
1522 3229 1636 3293 alii
1683 3227 1906 3293 cadere
1952 3228 2023 3292 in
2070 3230 2421 3313 sapientem

415 3320 662 3403 dicunt,
717 3320 772 3383 si
827 3318 935 3402 qui
989 3319 1125 3382 eius
1182 3317 1358 3380 modi
1410 3317 1579 3380 forte
1634 3337 1817 3380 casus
1863 3315 2188 3402 inciderit,
2244 3320 2314 3381 ut
2351 3314 2417 3379 id
2444 3340 2493 3379 35

414 3407 778 3471 faciendum
825 3406 935 3488 sit,
982 3405 1093 3467 alii
1137 3403 1319 3466 nullo
1351 3403 1559 3468 mod0.

308 3465 393 3588 ἓξ
546 3492 640 3556 Ut
681 3512 831 3556 vero
879 3492 1292 3554 conservetur
1338 3491 1547 3555 omnis
1604 3489 1856 3554 homini
1902 3510 2058 3577 erga
2101 3490 2421 3557 hominem
