2609 3884
633 175 766 231 ΠΒ.
801 175 871 231 Π.
929 174 1083 231 οΑΡ.
1123 180 1353 230 38—40.
1408 180 1440 242 ς
1479 181 1775 231 120—125.
2142 178 2227 243 75

192 341 276 402 ut
323 336 677 420 videamus,
721 340 898 402 terra
940 337 1283 422 penitusne
1330 338 1538 402 defixa
1584 339 1671 403 sit
1716 343 1783 405 et
1829 341 2015 424 quasi
2057 341 2224 405 radi-

195 425 388 490 cibus
439 426 572 490 suis
615 425 884 490 haereat
929 448 1015 489 an
1059 426 1272 491 media
1328 426 1648 510 pendeat?
1736 427 2042 493 Habitari
2085 430 2182 493 ait
2228 450 2331 501 123

194 510 638 597 Xenophanes
701 513 770 576 in
833 514 1016 593 luna,
1081 535 1349 598 eamque
1395 536 1535 579 esse
1576 518 1822 580 terram
1876 516 2225 581 multarum

197 600 466 667 urbium
526 605 594 666 et
657 601 993 667 montium.
1082 601 1401 667 Portenta
1442 602 1767 689 videntur3
1832 604 1945 668 sed
2006 607 2227 668 tamen

139 713 168 753 ⁶
197 710 326 753 nec
376 689 516 771 ille,
581 690 693 772 qui
747 689 936 772 dixit,
998 690 1211 753 iurare
1268 691 1482 774 possit
1532 691 1629 755 ita
1674 713 1743 755 se
1786 712 1925 756 rem
1970 692 2226 775 habere,

197 798 416 861 neque
461 796 582 861 ego
628 798 762 842 non
804 777 916 841 ita.
1005 776 1146 843 Vos
1193 778 1389 843 etiam
1436 779 1649 843 dicitis
1696 800 1835 843 esse
1882 801 1915 843 e
1961 780 2225 865 regione

194 864 391 929 nobis
438 864 508 929 in
554 865 880 929 contraria
923 869 1110 950 parte
1154 868 1389 950 terrae,
1436 867 1547 950 qui
1592 866 1879 931 adversis
1926 868 2224 953 vestigiis

198 956 382 1016 stent
428 955 652 1017 contra
695 957 923 1018 nostra
968 954 1274 1038 vestigia,
1334 976 1491 1038 quos
1552 949 1915 1031 ἀντίποδας
1959 956 2224 1020 vocatis.

199 1038 335 1105 Gur
378 1039 544 1104 mihi
604 1041 815 1125 magis
871 1042 1286 1126 suscensetiS,
1353 1042 1463 1125 qui
1527 1042 1657 1107 ista
1710 1064 1842 1107 non
1896 1064 2220 1126 aspernor,

116 1154 169 1193 10
197 1150 400 1211 quam
446 1128 558 1211 eis,
604 1130 715 1212 qui
760 1150 906 1193 cum
953 1129 1240 1211 audiunt,
1286 1129 1577 1212 desipere
1613 1151 1731 1194 vos
1778 1129 2222 1195 arbitrantur?

197 1216 471 1281 Hicetas
503 1214 903 1301 SyracosiuS,
930 1222 1006 1281 ut
1033 1218 1130 1281 ait
1155 1216 1661 1301 Theophrastus,
1700 1219 1966 1301 caelum,
2002 1219 2223 1302 solem,

200 1303 444 1387 lunam,
489 1304 730 1387 stellas,
775 1326 1008 1388 supera
1052 1305 1325 1389 denique
1353 1305 1570 1370 omnia
1614 1310 1787 1370 stare
1832 1308 2069 1389 censet,
2112 1327 2221 1370 ne-

201 1414 327 1475 que
371 1395 632 1475 praeter
676 1395 917 1456 terram
951 1414 1090 1457 rem
1116 1393 1322 1458 ullam
1366 1393 1436 1457 in
1472 1394 1711 1457 mundo
1739 1394 2009 1476 moveri3
2060 1415 2223 1477 quae

200 1502 352 1544 cum
397 1480 637 1543 circum
694 1502 877 1545 axem
933 1502 1000 1545 se
1065 1502 1319 1545 summa
1372 1481 1703 1547 celeritate
1758 1484 2097 1545 convertat
2158 1485 2225 1545 et

117 1594 170 1634 15
199 1570 535 1652 torqueat,
601 1568 824 1632 eadem
879 1568 1050 1633 effici
1103 1568 1347 1651 omnia,
1409 1590 1600 1652 quae,
1666 1568 1722 1632 si
1778 1571 1993 1633 stante
2046 1571 2224 1633 terra

200 1656 453 1720 caelum
500 1660 881 1720 moveretur.
943 1654 1160 1738 Atque
1203 1655 1329 1720 hoc
1376 1656 1575 1720 etiam
1619 1655 1961 1720 Platonem
2007 1656 2077 1720 in
2122 1656 2224 1721 Ti-

197 1765 385 1807 maeo
435 1743 642 1807 dicere
689 1742 947 1827 quidam
994 1744 1425 1827 arbitrantur,
1471 1742 1581 1807 sed
1627 1743 1821 1826 paulo
1868 1743 2222 1808 obscurius,

200 1831 370 1907 Quid
405 1834 497 1910 tu,
531 1830 858 1915 Epicure?
896 1832 1191 1915 loquere3
1227 1836 1422 1915 putas
1452 1831 1655 1895 solem
1684 1851 1825 1895 esse
1850 1831 2222 1895 tantulum?

199 1955 288 1965 —
335 1917 483 2003 Ego
527 1940 610 1982 ne
655 1918 756 1983 bis
803 1919 1060 2003 quidem
1104 1922 1379 1984 tantum.
1424 1955 1513 1966 —
1556 1917 1649 1982 Et
1682 1939 1797 1983 vos
1837 1919 1920 1982 ab
1966 1918 2081 1983 illo
2128 1920 2222 1982 in-

116 2034 172 2073 20
200 2006 502 2071 ridemini
546 2011 614 2071 et
665 2006 792 2089 ipsi
845 2007 1032 2071 illum
1075 2006 1367 2072 vicissim
1412 2006 1692 2071 eluditis,
1779 2005 1977 2071 Liber
2020 2006 2225 2091 igitur

201 2118 242 2159 a
285 2094 410 2158 tali
453 2094 763 2159 inrisione
811 2092 1129 2179 SocrateS,
1171 2093 1343 2159 liber
1378 2094 1605 2158 Aristo
1643 2092 1865 2179 Chius,
1910 2095 2022 2178 qui
2056 2094 2223 2159 nihil

197 2184 479 2248 istorum
543 2182 696 2246 sciri
756 2186 946 2265 putat
1005 2204 1214 2267 posse.
1316 2180 1441 2247 Sed
1468 2204 1471 2207 ’
1495 2182 1685 2246 redeo
1743 2182 1825 2246 ad
1888 2182 2177 2246 animum
2228 2200 2329 2249 124

201 2275 269 2336 et
316 2292 568 2354 corpus,
659 2267 915 2334 Satisne
959 2270 1220 2334 tandem
1268 2292 1345 2334 ea
1387 2274 1545 2334 nota
1592 2273 1745 2335 sunt
1786 2270 1970 2335 nobis
1980 2320 1998 2353 ,
2059 2290 2221 2356 quae

202 2380 548 2423 nervorum
592 2362 830 2422 natura
875 2358 980 2441 sit,
1025 2380 1187 2441 quae
1223 2357 1579 2422 venarum?
1624 2361 2022 2442 tenemusne,
2069 2358 2220 2442 quid

119 2472 174 2512 25
204 2446 295 2511 sit
339 2446 592 2509 animus
601 2496 620 2529 ,
664 2445 778 2509 ubi
825 2445 958 2510 sit?
1014 2446 1284 2530 denique
1332 2446 1501 2510 sitne
1550 2467 1659 2523 an,
1704 2449 1779 2509 ut
1823 2443 2218 2509 Dicaearcho

201 2534 414 2599 visum
459 2537 586 2618 est,
628 2554 710 2597 ne
758 2533 845 2598 sit
891 2533 1149 2618 quidem
1192 2533 1407 2597 ullus?
1466 2533 1525 2597 si
1570 2537 1695 2616 est,
1751 2534 1955 2597 trisne
2000 2535 2219 2616 partes

202 2621 472 2704 habeat,
517 2623 592 2685 ut
633 2620 892 2685 Platoni
935 2622 1210 2705 placuit,
1253 2620 1557 2703 rationis,
1610 2621 1774 2704 irae,
1828 2620 2221 2703 cupiditatis,

201 2731 291 2773 an
337 2709 612 2792 simplex
653 2730 944 2793 unusque
992 2710 1119 2774 sit?
1187 2710 1243 2773 si
1291 2708 1588 2792 simplex,
1639 2712 1857 2772 utrum
1904 2708 1993 2771 sit
2046 2707 2220 2791 ignis

206 2819 290 2861 an
352 2797 571 2861 anima
634 2818 720 2860 an
785 2797 1050 2881 sanguis
1116 2819 1228 2880 an,
1289 2800 1365 2860 ut
1426 2796 1852 2873 Xenocrates,
1912 2817 2221 2859 numerus

126 2910 178 2950 so
205 2884 384 2949 nullo
441 2883 754 2967 corpore?
817 2880 1019 2969 (quod
1079 2884 1370 2969 intellegi
1424 2884 1615 2967 quale
1672 2884 1760 2948 sit
1804 2883 1911 2947 vix
1972 2882 2221 2968 potest)

203 2976 286 3056 et,
331 2972 640 3055 quidquid
667 2977 785 3056 est,
829 2972 1102 3036 mortale
1131 2973 1219 3036 sit
1255 2994 1339 3037 an
1368 2971 1747 3036 aeternum?
1791 2992 1942 3035 nam
1972 2976 2215 3035 utram-

203 3081 324 3144 que
369 3060 440 3123 in
486 3064 763 3142 partem,
783 3060 990 3124 multa
1035 3061 1351 3125 dicuntur.
1412 3059 1665 3123 Horum
1712 3058 1958 3143 aliquid
2002 3063 2218 3123 vestro

201 3148 484 3231 sapienti
512 3152 759 3211 certum
787 3148 1060 3231 videtur,
1096 3153 1339 3231 nostro,
1364 3168 1445 3212 ne
1476 3147 1628 3233 quid
1655 3148 1934 3211 maxime
1963 3147 2222 3231 quidem

201 3235 540 3318 probabile
589 3236 701 3319 sit,
766 3236 1068 3318 occurrit3
1131 3236 1228 3301 ita
1275 3238 1428 3300 sunt
1482 3236 1555 3301 in
1598 3236 1921 3320 plerisque
1968 3238 2219 3299 contra-

134 3346 181 3386 35
204 3323 448 3387 riarum
518 3322 847 3387 rationum
927 3324 1116 3407 paria
1187 3326 1534 3387 momenta.
1643 3321 1760 3388 Sin
1832 3322 1973 3406 agis
2045 3343 2217 3386 vere·
2239 3304 2327 3367 40

203 3410 474 3475 cundius
539 3414 608 3474 et
669 3432 771 3474 me
837 3432 1129 3494 accusas,
1191 3433 1325 3475 non
1388 3410 1559 3494 quod
1619 3410 1751 3473 tuis
1814 3408 2173 3473 rationibus
2222 3390 2326 3441 ¹²5

200 3520 332 3563 non
379 3498 737 3583 adsentiar,
797 3499 909 3563 sed
953 3499 1124 3583 quod
1171 3499 1401 3583 nullis,
1454 3498 1711 3562 vincam
1758 3497 2047 3559 animum
2092 3494 2217 3558 cui-
