2609 3884
444 160 987 218 ARGUMENTUM.
1041 160 1254 217 11111.
1310 133 1467 214 CAP‘.
1507 165 1564 227 1,
1602 170 1651 213 2.
1705 166 1735 225 ς
1777 164 1947 214 1—6.
2078 157 2209 223 279
2343 124 2354 132 ’

198 324 467 389 Graecia
511 344 718 407 neque
763 323 899 388 ulla
944 344 1091 387 cum
1135 323 1329 407 gente
1367 323 1518 386 sunt
1558 319 1958 385 conferenda.
2032 320 2209 397 Quae

199 413 367 477 enim
403 414 587 476 tanta
626 411 935 495 gravitas,
973 431 1135 495 quae
1172 412 1357 474 tanta
1398 407 1783 492 constantia,
1828 407 2207 494 magnitudo

199 500 424 583 animi,
477 499 798 584 probitas,
850 499 1036 583 fides,
1102 519 1264 582 quae
1328 500 1466 561 tam
1525 497 1839 561 excellens
1900 497 1972 561 in
2035 497 2209 561 omni

197 606 428 672 genere
465 588 670 652 virtus
705 587 776 652 in
810 585 964 652 ullis
1000 584 1144 666 fuit,
1179 588 1256 649 ut
1293 584 1382 649 sit
1408 606 1551 650 cum
1585 576 1937 650 maioribus
1962 586 2209 651 nostris

138 698 169 740 ⁶
199 674 670 759 comparanda?
759 672 1074 740 Doctrina
1119 637 1392 738 Graecia
1442 694 1562 739 nos
1618 676 1685 737 et
1730 672 1908 738 omni
1965 673 2211 739 littera·
2249 683 2281 732 3

197 785 343 827 rum
389 784 621 849 genere
669 763 1045 847 superabat3
1089 762 1161 826 in
1207 783 1333 846 quo
1372 763 1513 825 erat
1554 760 1749 825 facile
1786 762 2042 826 vincere
2078 783 2211 827 non

197 853 648 936 repugnantes.
736 848 908 916 Nam
951 871 1096 915 cum
1143 848 1317 933 apud
1362 847 1641 914 Graecos
1690 848 2213 933 antiquissimum

199 960 233 1003 e
280 938 485 1003 doctis
541 959 744 1024 genus
799 939 887 1003 sit
938 942 1303 1023 poetarum,
1358 936 1676 1022 siquidem
1720 935 2042 1002 Homerus
2087 937 2213 1002 fuit

29 1104 36 1113 ,
198 1030 264 1092 et
343 1026 701 1100 Hesiodus
749 1029 897 1091 ante
975 1025 1254 1092 Romam
1336 1024 1701 1109 conditam,
1780 1023 2211 1091 Archilochus

29 1150 36 1185 :
112 1141 168 1181 ιο
195 1118 510 1199 regnante
581 1114 887 1198 Romu10‚
969 1114 1176 1179 serius
1217 1113 1569 1197 poeticam
1638 1133 1759 1177 nos
1833 1113 2213 1196 accepimus.

195 1203 406 1267 Annis
450 1202 586 1267 fere
631 1220 732 1267 Dx
774 1206 924 1286 post
967 1202 1245 1267 Romam
1290 1202 1618 1266 conditam
1655 1198 1880 1265 Livius
1922 1200 2215 1265 fabulam

198 1289 373 1354 dedit
434 1287 503 1354 G.
549 1288 846 1373 Claudio,
892 1287 1083 1356 Caeci
1126 1290 1289 1372 filio,
1340 1289 1428 1355 M.
1472 1287 1794 1354 Tuditano
1840 1290 2211 1355 consulibus

199 1399 374 1443 anno
423 1381 573 1443 ante
617 1382 844 1442 natum
889 1377 1176 1443 Ennium
1223 1377 1363 1461 [qui
1405 1376 1534 1441 fuit
1567 1376 1776 1443 maior
1810 1381 1971 1442 natu
2019 1400 2212 1462 quam

198 1466 470 1531 Plautus
509 1468 574 1531 et
607 1464 942 1547 Naevius}
1019 1463 1175 1531 Scro
1220 1466 1423 1549 igitur
1466 1487 1507 1529 a
1548 1465 1789 1531 nostris
1834 1469 2063 1548 poetae
2109 1466 2213 1531 vel
2250 1467 2294 1531 2

27 1580 38 1613 ι
111 1579 170 1620 15
201 1554 450 1639 cogniti
513 1554 618 1619 vel
679 1555 935 1637 recepti.
1053 1552 1456 1636 Quamquam
1530 1556 1629 1618 est
1700 1553 1771 1617 in
1838 1552 2213 1638 Originibus

28 1648 32 1661 '
201 1642 432 1707 solitos
479 1663 620 1707 esse
665 1642 735 1707 in
779 1642 987 1726 epulis
1025 1662 1253 1706 canere
1290 1641 1595 1706 convivas
1634 1639 1716 1705 ad
1756 1641 2092 1706 tibicinem
2137 1641 2215 1706 dc

199 1730 520 1795 clarorum
576 1729 913 1795 hominum
965 1729 1344 1813 virtutibus,
1406 1728 1720 1794 honorem
1781 1733 2004 1793 tamen
2065 1729 2215 1795 huic

198 1819 420 1903 generi
481 1840 614 1883 non
682 1818 883 1884 fuisse
957 1817 1242 1883 declarat
1319 1817 1527 1882 oratio
1597 1814 1893 1896 Catonis,
1955 1818 2027 1882 in
2089 1840 2216 1902 qua

25 1984 33 1993 ,⁴
201 1906 438 1971 obiecit
499 1908 574 1970 ut
635 1908 946 1989 probrum
1007 1905 1094 1972 Μ.
1157 1904 1514 1988 Nobiliori,
1587 1904 1758 1989 quod
1820 1905 1878 1969 is
1940 1905 2009 1969 in
2072 1928 2216 1989 pro-

25 1994 35 2023 ''‘
112 2020 173 2060 20
200 1994 480 2059 vinciam
523 1998 750 2077 poetas
797 1994 1112 2077 duxisset3
1159 1993 1431 2059 duxerat
1467 1996 1686 2058 autem
1722 1992 1945 2057 consul
1988 1994 2100 2058 ille
2145 1996 2214 2059 in

31 2095 38 2107 '
201 2081 559 2163 Aetoliam,
603 2086 680 2145 ut
725 2082 989 2167 scimus,
1031 2081 1337 2147 Ennium.
1408 2081 1549 2157 Quo
1595 2081 1809 2146 minus
1854 2082 2059 2166 igitur
2101 2082 2215 2147 ho-

201 2167 380 2233 noris
420 2172 558 2233 erat
592 2170 822 2253 poetis,
857 2191 934 2235 eo
971 2171 1226 2235 minora
1261 2170 1478 2234 studia
1513 2167 1792 2252 fuerunt,
1828 2191 1945 2235 nec
1978 2174 2215 2256 tamen,

205 2257 264 2321 si
316 2257 426 2340 qui
481 2257 734 2342 magnis
788 2258 1070 2342 ingeniis
1124 2259 1196 2323 in
1249 2279 1326 2323 eo
1372 2278 1604 2342 genere
1650 2221 2025 2343 extiterunt,
2084 2281 2217 2324 non

205 2344 366 2409 satis
414 2342 808 2410 Graecorum
853 2346 1099 2431 gloriae
1141 2345 1633 2429 responderunt.
1710 2344 1820 2410 An
1865 2367 2217 2430 censemus,
2252 2356 2289 2406 4

25 2446 35 2527 ζ
113 2459 172 2499 25
205 2433 260 2498 si
297 2431 528 2516 Fabio,
568 2432 976 2499 nobilissimo
1013 2433 1287 2518 homm1,
1332 2433 1507 2498 laudi
1545 2433 1766 2498 datum
1806 2438 2000 2517 esset,
2047 2398 2217 2518 quod

199 2522 523 2606 pingeret,
568 2542 701 2587 non
745 2522 988 2586 multos
1037 2522 1234 2586 etiam
1272 2522 1442 2609 apud
1485 2543 1604 2586 nos
1649 2520 1903 2587 futuros
1939 2484 2219 2604 P'olyeli-

82 2690 89 2695 .
200 2614 304 2674 tos
353 2612 419 2673 et
463 2607 845 2675 Parrhasios
888 2609 1134 2674 fuisse?
1205 2604 1433 2675 Honos
1471 2609 1590 2674 alit
1626 2612 1825 2693 artes,
1869 2628 2216 2695 omnesque

202 2696 630 2762 incenduntur
694 2697 775 2763 ad
831 2698 1044 2763 studia
1109 2697 1343 2783 gloria,
1404 2698 1743 2781 iacentque
1808 2718 1885 2762 ea
1946 2719 2216 2782 semper,

27 2866 29 2871 .
202 2806 364 2869 quae
413 2785 581 2868 apud
628 2807 915 2870 quosque
967 2786 1436 2870 improbantur.
1537 2782 1867 2850 Summam
1914 2785 2218 2851 eruditio-

26 2878 32 2963 ξ
117 2899 174 2939 so
201 2894 352 2938 nem
407 2870 636 2937 Graeci
691 2873 888 2939 sitam
942 2874 1292 2939 censebant
1345 2874 1413 2939 in
1459 2894 1806 2939 nervorum
1861 2895 2217 2959 vocumque

25 2964 30 2993 ³
203 2961 530 3044 cantibu83
564 2960 771 3045 igitur
805 2965 871 3026 et
904 2961 1423 3045 EpaminondaS,
1466 2962 1765 3046 princeps
1802 2983 1945 3028 meo
1982 2961 2217 3028 iudicio

203 3048 541 3133 Graeciae,
593 3049 829 3115 fidibus
881 3050 1215 3133 praeclare
1278 3050 1586 3115 cecinisse
1646 3050 1905 3135 dicitur,
1960 3048 2217 3116 Themi-

204 3136 564 3221 stoclesque
610 3137 858 3221 aliquot
899 3140 1051 3203 ante
1099 3159 1300 3203 annos
1348 3159 1495 3203 cum
1538 3138 1609 3202 in
1644 3138 1849 3222 epulis
1893 3142 2221 3204 recusaret

202 3225 444 3309 lyram,
491 3228 591 3289 est
633 3224 897 3290 habitus
941 3225 1278 3291 indoctior.
1350 3226 1530 3311 Ergo
1576 3226 1647 3290 in
1683 3225 1953 3292 Graecia
1989 3228 2218 3292 musici

26 3310 28 3381 ἶ
116 3339 172 3379 ³5
203 3314 581 3397 floruerunt,
627 3312 1084 3397 discebantque
1127 3312 1194 3377 id
1232 3334 1481 3397 omnes,
1525 3335 1669 3397 nec,
1714 3315 1826 3398 qui
1871 3314 2219 3399 nesciebat,

81 3424 96 3437 ·
203 3401 367 3466 satis
421 3401 710 3465 excultus
767 3400 1062 3467 doctrina
1118 3402 1492 3486 putabatur.
1593 3400 1673 3466 In
1734 3423 1984 3466 summo
2051 3402 2221 3484 apud
2258 3413 2289 3461 5

202 3488 354 3553 illos
397 3487 644 3555 honore
690 3490 1045 3573 geometria
1087 3489 1241 3570 fuit,
1284 3490 1506 3575 itaque
1540 3489 1708 3554 nihil
1744 3489 2219 3553 mathematicis
