2609 3884
682 175 818 230 LIB.
855 176 951 233 IV.
1007 175 1160 231 GAP.
1199 181 1443 231 24—26.
1502 181 1531 241 ὅ
1568 180 1713 231 68-
1728 183 1810 233 73.
2121 178 2253 244 229

235 337 657 421 immensum,
708 338 880 403 inter
933 341 1178 402 ceteras
1232 358 1336 401 res
1389 337 1556 402 nihil
1603 339 1865 403 omnino
1926 340 2253 405 interesse.

237 424 420 490 Idem
465 426 701 511 adhuc3
749 426 902 491 audi
943 425 1195 508 reliqua
1240 429 1306 489 et
1350 426 1553 490 risum
1599 427 1883 511 contine,
1939 428 1995 492 si
2038 432 2252 511 potes:
2292 442 2357 492 '11

236 512 458 578 Media
509 514 653 597 illa,
704 513 942 598 inquit,
995 513 1168 577 inter
1220 535 1383 597 quae
1442 514 1611 579 nihil
1673 514 1975 598 interest,
2036 520 2257 581 tamen

239 601 382 665 eius
446 602 624 666 modi
681 605 858 685 sunt,
920 604 996 666 ut
1059 622 1279 667 eorum
1344 601 1475 667 alia
1537 602 1833 687 eligenda
1898 604 2055 687 sint,
2128 605 2257 669 alia
2320 660 2333 667 ,

180 715 209 756 5
239 689 594 773 reicienda,
640 690 775 755 alia
811 690 1071 755 omnino
1107 690 1537 774 neglegenda,
1580 689 1705 755 1100
1742 695 1867 775 est,
1912 696 1985 757 ut
2033 713 2257 757 eorum

242 777 373 841 alia
435 778 622 860 velis,
684 778 814 846 alia
879 777 1082 861 nolis,
1145 778 1274 841 alia
1335 799 1467 842 non
1522 799 1720 843 cures.
1780 814 1855 826 —
1914 779 2007 844 At
2062 780 2256 845 modo

239 866 498 930 dixeras
533 865 700 932 nihil
735 866 803 931 in
838 866 986 930 istis
1023 887 1191 949 esse,
1231 866 1405 950 quod
1442 866 1798 931 interesset.
1840 903 1914 913 -—
1956 867 2047 933 Et
2087 889 2259 932 nunc

240 952 414 1018 idem
469 952 644 1038 dico,
696 954 972 1038 inquiet,
1027 954 1138 1018 sed
1193 954 1277 1018 ad
1322 954 1595 1019 virtutes
1650 958 1717 1019 et
1760 955 1840 1020 ad
1890 956 2049 1020 vitia
2091 955 2258 1023 nihil

151 1157 210 1199 10
237 1046 782 1213 mtegssse.iStUd,
828 1151 1093 1214 quaeso,
1146 1130 1525 1195 nesciebat?
1612 1129 1857 1196 Verum
1904 1130 2257 1197 audiamus,
2276 1104 2362 1231 ἓξ

240 1254 330 1265 —-
376 1217 541 1301 Ista,
584 1217 824 1302 inquit,
869 1239 1033 1301 quae
1080 1217 1327 1301 dixisti,
1372 1219 1612 1303 valere,
1669 1219 2055 1303 locupletem
2100 1241 2259 1305 esse,

239 1328 376 1371 non
421 1305 662 1385 dolere,
709 1305 909 1371 bona
942 1326 1073 1371 non
1109 1306 1285 1389 dico,
1332 1306 1444 1370 sed
1487 1306 1699 1371 dicam
1736 1306 1977 1373 Graece
2014 1328 2257 1392 προηγ-

240 1392 444 1477 μένα,
488 1392 720 1457 Latine
767 1396 983 1458 autem
1027 1394 1405 1477 producta
1460 1392 1599 1477 (sed
1643 1395 2099 1479 praeposita
2144 1399 2259 1460 aut

241 1482 660 1565 praecipua
722 1482 922 1565 ma10,
999 1482 1088 1545 sit
1161 1482 1563 1546 tolerabilius
1626 1486 1693 1547 et
1753 1480 2070 1568 mollius);
2141 1483 2260 1546 illa

154 1597 211 1638 15
245 1574 491 1648 autem,
560 1570 889 1653 morbum,
963 1572 1345 1655 egestatem,
1421 1569 1735 1654 dolorem,
1797 1593 1927 1636 non
2001 1570 2257 1654 appello

241 1657 476 1741 mala,
538 1657 674 1735 sed,
738 1657 796 1723 si
858 1658 1050 1742 libet,
1113 1659 1575 1723 reiectanea.
1680 1657 1907 1742 Itaque
1958 1658 2079 1722 illa
2129 1680 2261 1723 non

243 1746 390 1810 dico
452 1766 554 1811 me
619 1749 1006 1830 expetere,
1069 1746 1180 1810 sed
1242 1746 1527 1830 legere,
1596 1767 1716 1810 nec
1780 1749 2077 1829 optare,
2148 1745 2261 1811 sed

245 1854 572 1917 sumere,
648 1835 974 1899 contraria
1037 1838 1254 1899 autem
1316 1855 1451 1899 non
1520 1833 1821 1918 fugere,
1894 1833 2008 1898 sed
2079 1835 2262 1917 quasi

247 1942 668 1989 secernere.
768 1921 954 1998 Quid·
983 1922 1076 1987 ait
1120 1922 1506 1986 Aristoteles
1551 1922 1908 2006 reliquique
1965 1922 2259 1987 Platonis

155 2036 216 2077 30
247 2008 536 2075 alumni?
644 2007 726 2075 Se
792 2011 1038 2092 omnia,
1101 2031 1263 2093 quae
1328 2010 1677 2075 secundum
1739 2012 2043 2075 naturam
2112 2010 2261 2093 sint,

245 2098 448 2163 bona
494 2098 845 2182 appellare,
903 2119 1065 2181 quae
1111 2101 1329 2163 autem
1374 2101 1625 2183 contra,
1670 2098 1887 2163 mala.
1976 2097 2260 2163 Videsne

243 2185 450 2269 igitur
495 2185 820 2251 Zenonem
864 2189 1048 2251 tuum
1105 2207 1247 2250 cum
1293 2187 1599 2251 Aristone
1648 2186 1863 2251 verbis
1908 2186 2261 2267 concinere,

247 2294 319 2337 re
381 2273 718 2358 dissidere,
796 2296 943 2339 cum
1004 2272 1361 2339 Aristotele
1424 2277 1491 2338 et
1551 2274 1685 2339 illis
1748 2295 1816 2339 re
1882 2274 2263 2357 consentire,

249 2360 468 2425 verbis
515 2362 922 2445 discrepare?
1013 2360 1143 2427 Cur
1185 2362 1414 2446 igitur,
1469 2384 1612 2426 cum
1664 2362 1742 2426 de
1786 2370 1873 2425 re'
1904 2362 2263 2444 conveniat,

162 2475 218 2516 25
249 2470 385 2515 non
446 2450 766 2514 malumus
830 2450 1069 2515 usitate
1132 2449 1355 2535 loqui?
1415 2452 1528 2514 aut
1582 2450 1810 2515 doceat
1867 2449 2263 2532 paratiorem

247 2558 356 2601 me
419 2538 499 2603 ad
562 2537 1095 2602 contemnendam
1167 2538 1509 2621 pecuniam
1577 2536 1749 2620 fore,
1822 2536 1879 2601 si
1940 2537 2124 2601 illam
2195 2538 2263 2599 in

247 2625 444 2690 rebus
489 2625 876 2708 praepositis
915 2648 1110 2709 quam
1145 2627 1205 2691 si
1248 2626 1320 2689 in
1363 2625 1551 2690 bonis
1588 2625 1857 2708 duxero,
1899 2623 2263 2689 fortiorem-

250 2735 377 2797 que
422 2713 490 2777 in
533 2713 840 2796 patiendo
887 2714 1133 2796 dolore,
1187 2713 1245 2777 si
1289 2734 1432 2778 eum
1480 2734 1778 2796 asperum
1823 2715 1891 2776 et
1935 2711 2263 2775 difficilem

247 2822 590 2885 perpessu,
652 2802 709 2865 si
769 2804 998 2866 contra
1059 2804 1361 2865 naturam
1429 2821 1569 2865 esse
1632 2822 1825 2886 quam
1892 2800 1950 2866 si
2019 2799 2263 2863 malum

164 2915 222 2955 80
253 2888 491 2955 dixero.
595 2888 832 2955 Facete
894 2888 983 2953 M.
1040 2888 1222 2972 Piso,
1283 2889 1627 2953 familiaris
1688 2890 1942 2972 noster,
2006 2890 2072 2952 et
2134 2888 2265 2952 alia
2302 2903 2371 2953 73

248 2976 463 3039 multa
525 2978 592 3039 et
650 2975 776 3041 hoc
839 2977 1030 3042 modo
1095 2974 1350 3041 Stoicos
1412 2976 1750 3041 irridebat:
1778 2975 1988 3052 ,Quid
2048 2974 2265 3040 enim?

250 3063 497 3146 aiebat,
549 3063 794 3129 bonum
847 3085 1051 3149 negas
1105 3086 1244 3129 esse
1290 3064 1579 3147 divitias,
1635 3064 2079 3148 praepositum
2125 3084 2267 3128 esse

249 3152 440 3236 dicis3
487 3152 642 3235 quid
689 3152 999 3217 adiuvas?
1053 3152 1473 3217 avaritiamne
1518 3152 1799 3225 minuis?
1855 3175 1981 3237 quo
2028 3150 2266 3216 modo?

251 3237 323 3303 Si
367 3239 637 3304 verbum
685 3240 1039 3323 sequimur,
1092 3240 1375 3322 primum
1428 3238 1685 3324 longius
1734 3240 2002 3305 verbum
2052 3237 2265 3321 ‘prae-

165 3353 220 3394 35
247 3325 572 3411 positum'
619 3348 812 3411 quam
859 3325 1186 3393 ‘bonum'.
1226 3363 1305 3372 —
1346 3326 1533 3391 Nihil
1568 3328 1653 3393 ad
1686 3330 1850 3392 rem!
1896 3364 1986 3373 —
2032 3326 2097 3391 N
2100 3348 2133 3389 0
2180 3326 2267 3390 sit

250 3436 433 3499 sane;
491 3419 561 3479 at
613 3420 784 3481 certe
839 3416 1159 3500 gravius.'
1217 3413 1390 3479 Nam
1446 3417 1687 3480 bonum
1740 3438 1818 3481 ex
1871 3436 1998 3499 quo
2046 3413 2266 3496 appel-

245 3503 456 3568 latum
521 3503 635 3587 sit,
695 3504 911 3569 nescio
921 3553 940 3587 ,
1000 3503 1445 3587 praepositum
1509 3525 1587 3568 ex
1658 3524 1734 3568 eo
1807 3503 2024 3584 cred0,
2096 3498 2268 3582 quod
