2609 3884
700 170 836 225 LIB.
874 170 942 225 V.
999 169 1154 225 CAP.
1194 176 1286 240 20,
1326 176 1411 227 21.
1467 175 1497 236 ς
1535 176 1778 225 56—60.
2118 170 2245 233 261

237 335 302 397 et
346 332 784 417 cognitionem
839 336 906 396 et
949 354 1137 397 usum
1192 332 1324 395 iam
1372 331 1773 397 corroborati
1815 334 2051 396 natura
2107 332 2253 415 ipsa

233 424 582 504 praeeunte
628 420 1016 485 deducimur.
1100 418 1407 485 Omnium
1454 421 1623 485 enim
1668 441 1885 484 rerum
1929 419 2253 503 principia

233 530 437 592 parva
492 511 667 593 sunt,
736 508 850 573 sed
905 508 1039 573 suis
1082 508 1665 609 progressionibus
1728 530 1849 572 usa
1914 508 2253 591 augentur,

233 618 351 661 nec
406 596 543 660 sine
598 618 820 679 causa3
874 595 943 660 in
1000 596 1206 679 primo
1263 596 1434 659 enim
1498 600 1647 661 ortu
1710 596 1881 659 inest
1939 595 2251 660 teneritas

185 709 209 749 5
237 706 309 749 ac
364 684 647 748 mollitia
699 684 1041 767 quaedam,
1093 687 1170 748 ut
1219 705 1339 748 nec
1382 706 1486 748 res
1542 684 1757 749 videre
1804 683 2086 767 optimas
2131 705 2251 748 nec

237 792 424 857 agere
480 772 752 855 possint.
849 770 1133 836 Virtutis
1189 772 1364 836 enim
1419 772 1773 855 beataeque
1824 772 2024 855 vitae,
2086 793 2252 855 quae

237 860 356 925 duo
412 860 697 924 maxime
764 860 1122 944 expetenda
1177 863 1354 943 sunt,
1418 860 1621 924 serius
1686 860 1905 923 lumen
1965 863 2254 943 apparet,

234 949 435 1012 multo
475 948 672 1012 etiam
712 948 944 1031 seriuS,
988 951 1065 1012 ut
1107 948 1298 1031 plane
1346 947 1565 1031 qualia
1604 948 1738 1011 sint
1773 947 2252 1031 intellegantur.

235 1035 569 1100 Praeclare
626 1036 799 1100 enim
851 1034 1067 1099 Plato:
1142 1034 1517 1117 ‘Beatum9
1572 1035 1693 1100 cui
1740 1034 1971 1100 etiam
2016 1035 2093 1100 in
2139 1057 2251 1099 se-

160 1150 214 1189 10
237 1126 549 1188 nectute
633 1123 1083 1207 contigerit,
1173 1126 1255 1188 ut
1335 1124 1799 1207 sapientiam
1878 1146 2253 1209 verasque

235 1212 651 1295 opiniones
717 1211 1028 1295 assequi
1088 1210 1400 1295 possitl'
1510 1210 1749 1295 Quare,
1809 1212 2114 1295 quoniam
2177 1211 2253 1276 de

234 1300 459 1383 primis
514 1303 787 1364 naturae
842 1299 1198 1364 commodis
1256 1298 1419 1363 satis
1473 1299 1719 1363 dictum
1780 1306 1906 1382 est,
1958 1320 2130 1366 nunc
2177 1300 2284 1363 de

234 1388 587 1452 maioribus
626 1388 1292 1473 consequentibusque
1334 1387 1683 1452 videamus.
1754 1386 2009 1453 Natura
2051 1388 2252 1472 igitur
2288 1401 2357 1451 59

233 1496 469 1559 corpus
516 1476 774 1559 quidem
828 1474 1114 1539 hominis
1170 1476 1264 1539 sic
1310 1478 1377 1539 et
1422 1475 1646 1559 genuit
1694 1477 1759 1538 et
1802 1474 2135 1558 formavit,
2180 1480 2255 1539 ut

159 1590 206 1629 15
235 1564 366 1629 alia
409 1564 482 1627 in
525 1564 736 1647 primo
774 1566 920 1627 ortu
967 1564 1329 1647 perficeret,
1374 1564 1505 1628 alia
1548 1563 1997 1647 progrediente
2040 1565 2253 1627 aetate

232 1652 510 1737 fingeret
570 1672 778 1735 neque
844 1673 1000 1715 sane
1064 1652 1340 1716 multum
1396 1650 1785 1715 adiumentis
1850 1651 2131 1714 externis
2189 1655 2255 1714 et

235 1739 617 1804 adventiciis
651 1738 980 1823 uteretur3
1027 1740 1319 1803 animum
1355 1742 1571 1803 autem
1605 1738 1873 1821 reliquis
1918 1738 2113 1802 rebus
2157 1738 2253 1803 ita

232 1826 530 1910 perfecit,
573 1830 650 1891 ut
693 1848 956 1912 corpus3
1003 1827 1296 1891 sensibus
1334 1827 1505 1891 enim
1544 1828 1800 1890 ornavit
1836 1826 1918 1890 ad
1961 1847 2063 1890 res
2109 1847 2253 1909 per-

235 1915 568 1998 cipiendas
614 1914 891 1993 idoneis,
935 1919 1010 1978 ut
1044 1914 1214 1979 nihil
1251 1919 1365 1979 aut
1399 1936 1533 1978 non
1570 1913 1845 1978 multum
1882 1914 2250 1979 adiumento

157 2028 210 2067 20
237 2003 371 2068 ullo
427 2002 508 2067 ad
565 2024 749 2067 suam
805 2002 1359 2068 confirmationem
1410 2002 1755 2087 indigeret3
1809 2002 1979 2086 quod
2036 2005 2254 2067 autem

234 2090 306 2156 in
359 2090 624 2155 homine
686 2090 1323 2173 praestantissimum
1378 2094 1571 2173 atque
1626 2091 1945 2172 optimum
2000 2094 2123 2175 est,
2185 2091 2254 2155 id

233 2178 534 2243 deseruit.
606 2176 758 2242 Etsi
802 2176 983 2242 dedit
1025 2179 1225 2243 talem
1263 2181 1573 2261 mentem,
1618 2199 1781 2279 quae
1828 2200 2084 2243 omnem
2129 2178 2253 2244 vir-

232 2269 442 2330 tutem
499 2266 786 2349 accipere
840 2269 1086 2349 posset,
1140 2266 1560 2367 ingenuitque
1608 2267 1744 2331 sine
1803 2266 2098 2360 doctrina
2130 2288 2254 2331 no-

230 2354 416 2419 titias
480 2376 712 2438 parvas
785 2375 999 2417 rerum
1073 2356 1501 2418 maximarum
1573 2358 1639 2418 et
1711 2352 1896 2437 quasi
1967 2353 2256 2418 instituit

151 2467 204 2507 25
234 2442 462 2507 docere
521 2445 588 2506 et
641 2440 896 2506 induxit
939 2441 1008 2505 in
1053 2463 1156 2526 ea,
1210 2464 1373 2526 quae
1420 2443 1700 2525 inerant,
1755 2445 2087 2525 tamquam
2133 2442 2253 2504 ele·

232 2534 457 2595 menta
511 2530 791 2595 virtutis.
883 2527 1008 2593 Sed
1062 2530 1369 2595 virtutem
1413 2530 1624 2612 ipsam
1677 2492 2038 2612 inchoavit,
2090 2528 2254 2592 nihil

235 2618 538 2701 amplius.
643 2616 870 2702 Itaque
931 2620 1230 2682 nostrum
1295 2622 1395 2682 est
1458 2616 1657 2703 (quod
1726 2620 2022 2681 nostrum
2092 2615 2253 2701 dico,
2294 2632 2360 2681 60

233 2707 396 2770 artis
471 2701 599 2791 est)
672 2705 753 2769 ad
828 2726 904 2769 ea
973 2705 1324 2789 principia,
1403 2726 1565 2789 quae
1640 2703 2030 2787 accepimuS,
2112 2726 2256 2769 con·

233 2793 578 2877 sequentia
655 2792 1014 2876 exquirere,
1088 2794 1301 2878 quoad
1376 2794 1464 2857 sit
1533 2792 1625 2875 id,
1696 2791 1866 2875 quod
1938 2793 2256 2877 volumus,

149 2906 206 2946 30
234 2882 564 2964 effectum3
618 2880 789 2965 quod
843 2880 1101 2964 quidem
1152 2880 1361 2965 pluris
1408 2884 1508 2945 est
1559 2880 1733 2945 haud
1776 2880 1971 2964 paulo
2017 2882 2256 2966 magis-

231 2990 358 3053 que
418 2969 632 3052 ipsum
689 2972 954 3052 propter
1013 2989 1081 3034 sc
1138 2969 1563 3052 expetendum
1618 2990 1812 3053 quam
1869 2971 1984 3033 aut
2030 2991 2254 3034 sensus

231 3060 349 3120 aut
385 3056 678 3141 corporis
717 3078 819 3135 ea,
861 3078 1025 3140 quae
1063 3055 1367 3140 diximus,
1405 3057 1637 3157 quibus
1674 3059 1931 3121 tantum
1967 3062 2258 3141 praestat

230 3145 474 3209 mentis
512 3144 829 3209 excellens
871 3143 1211 3228 perfectio,
1255 3148 1332 3209 ut
1366 3144 1476 3209 vix
1511 3145 1784 3229 cogitari
1828 3145 2057 3230 possit,
2104 3146 2255 3229 quid

230 3231 514 3297 intersit.
584 3231 813 3316 Itaque
860 3232 1067 3297 omnis
1114 3232 1350 3315 honos,
1396 3233 1605 3297 omnis
1652 3232 2017 3315 admiratiO,
2064 3254 2254 3297 omne

147 3344 201 3384 85
232 3320 520 3385 studium
577 3320 658 3384 ad
701 3320 1010 3384 virtutem
1057 3325 1124 3384 et
1167 3320 1249 3385 ad
1297 3341 1406 3385 eas
1454 3321 1781 3421 actiones,
1817 3340 1982 3404 quae
2026 3320 2255 3385 virtuti

229 3411 704 3473 consentaneae
759 3410 939 3489 sunt,
993 3407 1298 3492 refertur,
1354 3429 1553 3491 eaque
1608 3408 1852 3490 omnia,
1917 3428 2080 3490 quae
2142 3410 2256 3470 aut

227 3494 330 3559 ita
374 3496 445 3560 in
491 3494 723 3560 animis
769 3499 922 3560 sunt
967 3499 1079 3559 aut
1121 3497 1216 3560 ita
1261 3500 1596 3581 geruntur,
1644 3516 1774 3559 uno
1819 3492 2081 3557 nomine
2124 3492 2255 3556 ho-
