2609 3884
700 158 834 213 ΠΒ.
869 158 914 213 1.
970 156 1123 215 cAP.
1162 164 1222 227 c,
1260 164 1310 215 τ.
1366 162 1398 224 5
1436 164 1679 214 20—25.
2076 156 2199 223 101

168 342 301 387 nos
364 324 598 387 natura
661 320 886 405 genu-it
949 322 1016 383 et
1077 318 1535 403 conformavit,
1598 322 1675 384 ut
1726 320 1888 385 mihi
1944 320 2203 405 quidem

170 410 451 475 videtur.
547 408 647 473 Ac
700 408 842 472 fieri
895 410 1142 491 potest,
1194 411 1272 473 ut
1327 430 1563 492 errem,
1616 408 1728 472 sed
1782 408 1877 473 ita
1933 429 2201 491 prorsus

172 498 513 580 existimo,
583 517 788 580 neque
861 518 1010 561 eum
1079 495 1507 579 Torquatum,
1586 496 1697 581 qui
1765 495 1891 562 hoc
1952 496 2200 579 primus

175 606 545 671 cognomen
578 584 853 667 invenit,
900 586 1014 648 aut
1049 586 1350 669 torquem
1394 584 1584 649 illum
1617 583 1796 649 hosti
1831 584 2204 668 detraxisse,

117 701 143 741 ⁵
176 679 258 737 ut
305 674 594 757 aliquam
641 694 720 737 ex
764 694 842 737 eo
885 672 1245 755 perciperet
1289 692 1558 756 corpore
1601 672 2031 755 voluptatem,
2088 676 2205 737 aut

175 784 333 827 cum
377 759 632 826 Latinis
676 760 870 824 tertio
919 760 1260 825 consulatu
1295 760 1661 825 conflixisse
1701 760 1871 843 apud
1905 758 2203 825 Veserim

171 852 454 933 propter
487 823 932 949 voluptatem]
1072 869 1108 912 o
1188 870 1229 913 v
1267 868 1341 911 ro
1382 848 1591 941 seg-3333}
1624 848 1945 943 perpusgit,
1978 848 2203 933 filium,
2460 934 2466 939 ἣ

171 936 542 1021 privavisse
589 957 660 1001 se
705 935 907 1001 etiam
950 936 1017 1000 vi
1062 939 1206 1000 etur
1250 958 1316 999 m
1385 939 1473 999 t1s
1516 924 1996 1020 voluptat1bus,
2056 958 2203 1001 cum

171 1025 310 1108 ipsi
346 1027 617 1089 naturae
651 1024 997 1107 patrioque
1035 1024 1241 1088 amori
1277 1024 1661 1107 praetulerit
1700 1024 1803 1089 ius
1840 1024 2202 1089 maiestatis

89 1140 144 1180 ιο
175 1112 380 1197 atque
434 1112 710 1196 imperii.
761 1104 1020 1215 maid?
1101 1112 1173 1176 Τ.
1224 1109 1621 1196 Torquatus,
1681 1112 1739 1177 is
1804 1112 1915 1196 qui
1977 1133 2130 1177 cons

174 1224 333 1266 cum
389 1198 502 1266 On.
555 1199 824 1265 Octavlo
881 1198 1037 1283 fuit,
1091 1221 1236 1264 cum
1288 1198 1474 1264 illam
1532 1200 1948 1265 severitatem
2001 1200 2073 1264 in
2126 1220 2201 1263 eo

173 1289 320 1353 filio
369 1288 690 1371 adhibuit,
737 1308 928 1371 quem
972 1287 1039 1351 in
1087 1286 1502 1370 adoptionem
1538 1286 1617 1353 D.
1654 1285 1875 1353 Silano
1923 1288 2203 1352 emanci-

172 1380 484 1461 paverat,
561 1378 639 1440 ut
707 1396 857 1440 eum
926 1374 1356 1440 Macedonum
1424 1375 1661 1460 legatis
1733 1375 2204 1460 accusantibus,

176 1465 358 1550 quod
382 1464 688 1547 pecunias
714 1465 1081 1547 praetorem
1107 1463 1179 1527 in
1207 1462 1541 1545 provincia
1569 1463 1815 1547 cepisse
1845 1465 2211 1548 arguerent,

93 1578 145 1619 ιε
176 1574 450 1618 causam
489 1550 662 1635 apud
700 1572 768 1615 se
805 1550 1016 1615 dicere
1062 1551 1315 1616 iuberet
1353 1572 1555 1635 reque
1601 1573 1681 1615 ex
1712 1554 1983 1635 utraque
2018 1554 2204 1634 parte

179 1640 412 1706 audita
462 1638 913 1724 pronuntiaret
975 1660 1123 1703 eum
1177 1659 1315 1703 non
1364 1638 1567 1703 talem
1618 1638 1823 1703 videri
1875 1637 2077 1703 fuisse
2134 1639 2205 1703 in
2328 1704 2335 1711 ,

179 1729 483 1812 imperio,
521 1728 742 1811 quales
771 1727 908 1791 eius
945 1726 1220 1791 maiores
1256 1726 1552 1810 fuissent,
1590 1729 1657 1791 et
1684 1726 1755 1791 in
1785 1729 2204 1810 conspectum

181 1838 376 1881 suum
429 1816 646 1881 venire
704 1814 938 1897 vetuit,
1001 1813 1313 1899 numquid
1364 1814 1489 1879 tibi
1540 1815 1793 1880 videtur
1851 1814 1929 1879 de
1981 1814 2203 1898 volup·

178 1904 439 1969 tatibus
495 1903 630 1968 suis
685 1901 1123 1987 cogitavisse?
1223 1899 1351 1967 Sed
1412 1906 1488 1968 ut
1541 1902 1843 1967 omittam
1901 1902 2204 1987 pericula,

94 2018 152 2058 20
177 1993 444 2057 labores
451 2040 472 2074 ,
527 1990 816 2056 dolorem
871 1991 1092 2073 etiam,
1158 2012 1349 2075 quem
1412 1991 1697 2074 optimus
1753 1990 2023 2075 quisque
2084 2013 2203 2074 pro

179 2080 405 2165 patria
469 2082 537 2143 et
595 2101 714 2163 pro
788 2078 920 2143 suis
985 2077 1278 2162 suscipit,
1355 2080 1431 2143 ut
1486 2100 1623 2144 non
1691 2078 1881 2144 modo
1952 2078 2205 2144 nullam

183 2170 432 2251 captet,
469 2166 584 2231 sed
617 2167 818 2231 etiam
853 2169 1218 2251 praetereat
1256 2188 1481 2231 omnes
1517 2166 1903 2251 voluptateS,
1948 2166 2204 2233 dolores

181 2256 463 2339 denique
510 2254 772 2341 quosvis
819 2254 1142 2337 suscipere
1187 2254 1378 2319 malit
1427 2276 1621 2339 quam
1666 2254 1957 2321 deserere
2000 2255 2205 2319 ullam

182 2344 391 2409 officii
436 2346 717 2426 partem,
762 2341 845 2407 ad
890 2364 993 2427 ea,
1048 2363 1210 2426 quae
1253 2342 1381 2408 hoc
1423 2364 1557 2407 non
1601 2342 1811 2407 minus
1858 2342 2206 2427 declarant,

99 2458 153 2498 25
183 2431 302 2497 sed
348 2432 650 2496 videntur
692 2430 966 2513 leviora,
1010 2430 1363 2495 veniamus.
1456 2429 1625 2506 Quid
1668 2430 1812 2515 tibi,
1856 2429 2202 2516 Torquate,
2238 2442 2309 2491 25

183 2519 342 2605 quid
395 2518 547 2583 huic
591 2518 837 2583 Triario
894 2518 1179 2602 litterae,
1238 2517 1391 2602 quid
1436 2518 1749 2584 historiae
1796 2518 2207 2603 cognitioque

179 2629 433 2691 rerum,
489 2605 641 2691 quid
695 2610 1036 2689 poetarum
1091 2606 1403 2689 evolutio,
1461 2606 1614 2691 quid
1668 2609 1853 2671 tanta
1905 2608 2009 2671 tot
2065 2627 2205 2671 ver-

183 2718 378 2761 suum
442 2694 758 2759 memoria
818 2694 1174 2777 voluptatis
1239 2693 1469 2759 affert?
1601 2692 1739 2759 Nec
1812 2692 1974 2759 mihi
2047 2693 2207 2759 illud

182 2782 460 2869 dixeris:
486 2780 707 2848 -‘Haec
742 2782 914 2845 enim
949 2782 1094 2866 ipsa
1128 2781 1290 2847 mihi
1328 2785 1482 2847 sunt
1518 2781 1867 2865 voluptati,
1912 2784 1979 2862 et
2022 2784 2209 2847 erant

105 2897 156 2939 30
184 2872 306 2937 illa
351 2868 738 2953 Torquatis?
825 2867 1198 2953 Numquam
1240 2869 1367 2935 hoc
1416 2870 1513 2935 ita
1558 2868 1844 2935 defendit
1886 2868 2208 2953 Epicurus

180 2980 396 3044 neque
423 2956 830 3024 Metrodorus
869 2959 981 3022 aut
1016 2958 1357 3044 quisquam
1394 2978 1633 3042 eorum,
1671 2958 1782 3042 qui
1811 2961 1926 3023 aut
1953 2961 2210 3042 saperet

184 3046 437 3131 aliquid
484 3049 598 3111 aut
639 3046 770 3131 ista
815 3044 1159 3110 didicisset.
1255 3044 1349 3110 Et
1409 3046 1580 3130 quod
1626 3046 1955 3133 quaeritur
2001 3068 2210 3131 saepe,
2291 3100 2327 3121 l

183 3156 300 3201 cur
338 3137 476 3199 tam
513 3134 704 3199 multi
739 3133 870 3199 sint
905 3132 1237 3218 Epicurei,
1275 3137 1427 3199 sunt
1464 3135 1630 3200 aliae
1670 3156 1921 3219 quoque
1958 3155 2211 3217 causae,

186 3222 302 3288 sed
338 3222 820 3287 multitudinem
863 3221 1027 3287 haec
1062 3222 1341 3289 maxime
1376 3222 1596 3307 allicit,
1643 3223 1814 3309 quod
1849 3223 1947 3287 ita
1976 3223 2213 3307 putant

107 3337 156 3377 35
185 3311 318 3377 dici
356 3311 440 3376 ab
475 3310 620 3393 illo,
665 3314 845 3375 recta
879 3313 946 3375 et
981 3309 1259 3376 honesta
1302 3332 1465 3394 quae
1502 3311 1660 3388 sint,
1708 3331 1785 3375 ea
1818 3310 2029 3375 facere
2064 3310 2213 3393 ipsa

179 3422 304 3487 per
350 3420 421 3465 se
467 3398 818 3483 laetitiam,
861 3397 930 3463 id
977 3402 1078 3465 est
1120 3398 1545 3481 voluptatem.
1616 3397 1931 3463 Homines
1975 3395 2211 3480 optimi

180 3510 322 3555 non
375 3486 770 3571 intellegunt
820 3489 1030 3553 totam
1084 3486 1406 3551 rationem
1462 3487 1689 3565 everti,
1752 3485 1807 3549 si
1852 3485 1947 3549 ita
1988 3504 2093 3547 res
2141 3502 2209 3546 se
