2609 3884
561 204 566 211 -
611 166 749 222 LIB.
785 164 882 221 III.
937 165 1092 223 CAP.
1131 172 1340 224 9—11.
1397 172 1427 233 ἓ
1464 172 1706 223 20—25.
2044 168 2176 234 365

162 330 363 396 animi
415 329 590 393 elata
643 330 710 392 et
762 327 1067 413 gestiens.
1164 327 1315 411 Ipse
1374 329 1569 393 etiam
1623 333 1833 394 metus
1885 351 2019 395 non
2077 334 2178 396 est

160 417 373 485 morbi
433 416 780 482 admodum
844 416 1108 500 similis,
1170 437 1561 500 quamquam
1624 417 2013 501 aegritudini
2075 423 2177 484 est

159 504 503 588 finitimus,
557 503 670 569 sed
722 503 1009 587 proprie,
1061 505 1138 567 ut
1191 504 1553 587 aegrotatio
1606 504 1675 569 in
1728 526 2023 587 corpore,
2081 507 2177 571 sic

161 591 501 677 aegritudo
562 591 633 656 in
696 591 913 655 animo
976 612 1215 656 nomen
1273 591 1475 656 habet
1534 612 1667 656 non
1720 592 2078 657 seiunctum
2136 616 2176 658 a

89 705 129 745 z
162 682 397 746 dolore.
492 677 754 744 Doloris
810 678 1001 743 huius
1053 678 1257 764 igitur
1310 679 1493 763 origo
1547 678 1738 744 nobis
1798 680 2177 763 explicanda

161 771 288 852 est,
333 768 401 832 id
437 770 538 831 est
572 787 768 832 causa
804 766 1087 831 efficiens
1126 766 1595 852 aegritudinem
1640 768 1712 831 in
1749 768 1965 834 animo
2009 771 2174 833 tam·

159 877 355 940 quam
392 854 906 941 aegrotationem
939 854 1010 918 in
1046 875 1330 938 corpore.
1396 852 1570 920 Nam
1605 857 1681 920 ut
1714 856 1946 921 medici
1981 877 2176 921 causa

159 943 372 1009 morbi
425 943 690 1009 inventa
744 942 1144 1007 curationem
1199 963 1339 1006 esse
1393 942 1726 1006 inventam
1769 946 2031 1027 putant,
2082 944 2176 1009 sic

156 1052 278 1097 nos
326 1052 520 1095 causa
567 1029 992 1115 aegritudinis
1029 1034 1289 1113 reperta
1322 1029 1623 1095 medendi
1667 1029 2048 1095 facultatem
2082 1052 2177 1095 re-

63 1143 130 1184 ao
157 1120 498 1202 periemus.

289 1205 416 1271 Est
448 1205 650 1291 igitur
685 1226 882 1270 causa
917 1205 1126 1270 omnis
1161 1204 1231 1269 in
1267 1206 1585 1290 opinione,
1623 1227 1745 1272 nec
1778 1228 1933 1272 vero
1973 1208 2175 1292 aegri·
2198 1167 2281 1292 12}

156 1293 403 1358 tudinis
447 1293 685 1377 solum,
738 1292 850 1357 sed
904 1293 1102 1357 etiam
1152 1293 1547 1378 reliquarum
1590 1295 1878 1360 omnium
1926 1299 2174 1379 pertur-

155 1380 526 1465 bationum,
569 1401 733 1464 quae
771 1383 923 1444 sunt
958 1400 1189 1465 genere
1227 1384 1561 1465 quattuor,
1591 1382 1901 1483 ‘partibus
1937 1381 2173 1466 plures,

155 1467 331 1534 Nam
375 1489 520 1533 cum
566 1468 776 1533 omnis
819 1467 1224 1551 perturbatio
1269 1468 1357 1532 sit
1410 1469 1609 1534 animi
1653 1474 1870 1535 motus
1925 1469 2029 1534 vel
2073 1492 2173 1535 ra-

65 1582 128 1623 15
156 1556 361 1622 tionis
415 1576 641 1656 expers
692 1554 798 1620 vel
841 1556 1164 1621 rationem
1208 1577 1560 1639 aspernans
1605 1559 1709 1622 vel
1758 1557 1999 1623 rationi
2032 1579 2175 1658 naon

157 1642 532 1726 oboediens,
591 1642 775 1726 isque
839 1646 1056 1709 motus
1119 1645 1234 1707 aut
1283 1644 1441 1709 boni
1495 1648 1611 1709 aut
1664 1646 1820 1710 mali
1874 1638 2173 1731 opinione

156 1732 392 1797 citetur
461 1693 799 1814 bifariam,
867 1734 1174 1815 quattuor
1235 1732 1755 1815 perturbationes
1820 1726 2177 1817 aequaliter

154 1819 542 1884 distributae
597 1821 764 1883 sunt.
861 1818 1035 1885 Nam
1088 1818 1250 1884 duae
1302 1823 1459 1884 sunt
1510 1840 1590 1884 ex
1641 1820 1942 1903 opinione
2000 1819 2174 1904 boni,

155 1928 428 1991 quarum
491 1905 723 1989 altera,
785 1906 1148 1991 voluptas
1208 1907 1584 1991 gestiens,
1645 1906 1714 1972 id
1767 1911 1869 1972 est
1908 1912 2176 1991 'praeter

67 2022 129 2062 ιο
157 1994 422 2060 modum
476 1994 647 2059 elata
696 1994 951 2058 laetitia
959 2044 978 2077 ,
1031 1994 1334 2078 opinione
1379 1995 1738 2077 praesentis
1783 1996 2008 2080 magni
2059 1997 2173 2061 ali-

157 2081 340 2147 cuius
383 2080 569 2164 boni,
615 2080 846 2166 altera,
890 2103 1055 2165 quae
1099 2086 1201 2147 est
1241 2081 1647 2147 inmoderata
1683 2083 1994 2168 adpetitio
2037 2084 2172 2167 opi-

155 2169 300 2234 nati
341 2169 564 2252 magni
606 2168 762 2233 boni
813 2168 1055 2233 rationi
1098 2191 1230 2235 non
1279 2170 1761 2254 obtemperans,
1814 2170 1919 2236 vel
1965 2171 2173 2255 cupi-

158 2256 366 2321 ditas
419 2257 593 2319 recte
638 2256 742 2320 vel
795 2256 1043 2321 libido
1088 2256 1215 2322 dici
1259 2260 1496 2341 potest.
1591 2258 1799 2343 Ergo
1823 2258 1984 2324 haec
2043 2259 2169 2325 duo
2209 2277 2278 2327 25

156 2364 422 2429 genera,
466 2343 770 2427 voluptas
816 2344 1102 2428 gestiens
1140 2346 1206 2408 et
1237 2344 1468 2430 libido,
1513 2344 1830 2410 bonorum
1872 2346 2174 2431 opinione

63 2459 126 2500 25
155 2432 527 2514 turbantur,
580 2435 656 2495 ut
709 2430 835 2496 duo
889 2432 1162 2516 reliqua,
1218 2436 1430 2497 metus
1486 2436 1553 2498 et
1614 2433 1979 2518 aegritudo,
2037 2456 2173 2498 ma-

153 2520 386 2586 lorum.
475 2516 648 2585 Nam
695 2521 762 2583 et
805 2522 1053 2584 metus
1099 2519 1319 2621 opinio
1364 2521 1586 2606 magni
1624 2521 1783 2585 mali
1825 2484 2172 2605 inpe'nden-

152 2608 244 2673 tis
299 2610 367 2672 et
419 2606 824 2692 aegritudo
879 2610 982 2672 est
1035 2606 1258 2690 opinio
1314 2609 1534 2693 magni
1580 2608 1737 2672 mali
1793 2609 2172 2692 praesentis,

159 2698 227 2759 et
278 2693 536 2778 quidem
589 2715 810 2760 recens
866 2695 1085 2778 opinio
1130 2694 1282 2759 talis
1332 2696 1513 2780 mali,
1569 2699 1647 2760 ut
1688 2695 1759 2759 in
1805 2716 1880 2760 eo
1926 2700 2173 2760 rectum

155 2780 455 2848 videatur
507 2803 649 2847 esse
705 2782 883 2869 angi,
935 2782 1004 2847 id
1057 2786 1274 2849 autem
1331 2786 1456 2865 est,
1507 2787 1584 2848 ut
1637 2784 1721 2868 is,
1776 2784 1888 2867 qui
1941 2782 2173 2869 doleat,

63 2897 124 2938 so
155 2873 455 2954 oportere
501 2870 800 2955 opinetur
834 2892 904 2935 se
949 2870 1182 2937 dolere.
1253 2870 1377 2935 His
1416 2872 1631 2935 autem
1675 2870 2175 2955 perturbationi-

152 2958 305 3041 bus,
350 2979 510 3042 quas
555 2958 627 3022 in
669 2958 871 3025 vitam
916 2958 1252 3025 hominum
1298 2958 1578 3023 stultitia
1626 2958 1815 3044 quasi
1857 2959 2172 3043 quasdam

151 3044 359 3111 furias
411 3046 691 3111 inmittit
744 3050 938 3131 atque
995 3046 1255 3129 incitat,
1320 3045 1616 3111 omnibus
1676 3046 1920 3111 viribus
1980 3050 2172 3131 atque

154 3133 390 3234 opibus
424 3133 920 3218 repugnandum
957 3137 1082 3217 est,
1122 3134 1180 3198 si
1214 3134 1511 3198 volumus
1546 3133 1697 3219 hoc,
1743 3135 1915 3218 quod
1950 3134 2172 3199 datum

156 3223 260 3286 est
301 3220 500 3303 vitae,
546 3220 895 3304 tranquille
939 3220 1317 3322 placideque
1358 3221 1711 3287 traducere.
1790 3220 1915 3286 Sed
1960 3227 2174 3287 cetera

65 3333 125 3376 ιε
156 3307 352 3391 alias3
417 3328 590 3373 nunc
645 3307 1142 3393 aegritudinem,
1204 3308 1262 3372 si
1324 3330 1695 3393 possumuS,
1758 3308 2171 3392 depellamus.

153 3394 228 3463 Id
274 3395 451 3460 enim
496 3395 585 3460 sit
625 3395 1061 3481 propositum,
1106 3396 1619 3480 quandoquidem
1661 3418 1803 3461 eam
1847 3398 1923 3459 tu
1966 3396 2171 3460 videri

152 3482 279 3549 tibi
323 3483 394 3549 in
437 3483 799 3567 sapientem
833 3482 1056 3549 cadere
1093 3482 1340 3568 dixisti,
1386 3484 1557 3569 quod
1592 3504 1713 3569 ego
1757 3482 1939 3548 nullo
1977 3482 2169 3547 modo
