2609 3884
299 1683 366 1731 24

300 2998 368 3048 25

404 176 535 241 180
727 173 826 229 DE
863 172 1154 229 FINIBUS
1189 172 1550 229 BONORUM
1582 173 1680 228 ΕΤ
1714 173 2082 229 MALORUM

399 339 729 420 ultimum,
774 335 966 421 quale
1008 356 1131 400 nos
1179 358 1495 399 summum
1540 336 1609 400 in
1654 336 1794 401 vita
1835 337 2079 401 bonum
2126 337 2419 421 dicimus,

397 427 562 492 illud
625 430 868 507 autem,
930 426 1006 487 ut
1065 424 1291 509 feriat,
1354 424 1538 509 quasi
1610 424 2030 510 seligendum,
2107 447 2248 491 non
2320 448 2418 491 ex-

402 515 770 601 petendum.

533 602 698 668 Cum
761 605 976 665 autem
1048 601 1266 665 omnia
1338 601 1553 665 officia
1626 623 1665 665 a
1734 602 2069 686 principiis
2142 607 2421 668 naturae
2562 682 2564 693 Ι

399 691 917 778 proficiscantur,
975 688 1056 752 ab
1115 688 1323 753 isdem
1376 710 1634 753 necesse
1680 693 1783 753 est
1838 689 2165 772 proficisci
2212 692 2421 775 ipsam
2448 718 2473 757 5
2562 694 2564 779 1

401 779 805 865 sapientiam.
897 774 1023 841 Sed
1086 799 1274 861 quem
1342 777 1425 840 ad
1486 777 1745 841 modum
1801 799 1992 861 saepe
2047 779 2154 863 fit,
2218 784 2298 843 ut
2350 780 2424 863 is,

401 871 514 956 qui
575 865 1061 934 commendatus
1118 865 1207 930 sit
1269 865 1489 948 alicui,
1551 866 1755 948 pluris
1820 887 1965 930 eum
2025 865 2267 950 faeiat,
2328 869 2427 932 cui

401 955 914 1037 commendatae,
981 974 1175 1038 quam
1237 953 1454 1036 illum,
1520 975 1560 1017 a
1624 975 1749 1037 quo
1815 955 1928 1037 sit,
1993 955 2091 1019 sic
2154 956 2427 1020 minime

399 1047 636 1112 mirum
674 1046 776 1108 est
818 1042 1027 1127 primo
1063 1062 1183 1105 nos
1221 1042 1578 1125 sapientiae
1614 1042 2048 1106 commendari
2087 1044 2172 1107 ab
2220 1044 2427 1108 initiis

399 1138 700 1216 naturae,
743 1134 898 1214 post
932 1134 1148 1194 autem
1192 1130 1408 1213 ipsam
1444 1130 1829 1214 sapientiam
1862 1131 2053 1195 nobis
2110 1133 2430 1197 cariorem
2458 1159 2501 1198 ιο

401 1222 567 1305 fieri,
633 1241 825 1304 quam
887 1218 1004 1282 illa
1067 1218 1225 1302 sint,
1291 1241 1332 1281 a
1385 1219 1617 1301 quibus
1675 1218 1756 1282 ad
1806 1218 1973 1282 hanc
2035 1221 2429 1285 venerimus,

401 1311 617 1394 Atque
671 1310 748 1372 ut
797 1307 1091 1371 membra
1141 1306 1335 1371 nobis
1392 1307 1489 1371 ita
1543 1306 1693 1370 data
1748 1310 1923 1389 sunt,
1974 1309 2052 1371 ut
2098 1307 2183 1371 ad
2234 1330 2432 1392 quan-

403 1400 553 1463 dam
596 1397 921 1461 rationem
965 1394 1222 1459 vivendi
1269 1394 1423 1459 data
1468 1416 1609 1458 esse
1654 1398 2034 1478 appareant,
2086 1395 2184 1459 sic
2234 1419 2433 1481 appe-

401 1487 552 1551 titio
600 1484 827 1568 animi,
873 1504 1037 1567 quae
1083 1476 1256 1566 ὁρμή
1297 1482 1535 1547 Graece
1579 1487 1870 1566 vocatur,
1914 1503 2047 1548 non
2094 1483 2181 1547 ad
2230 1486 2433 1569 quod-

402 1575 501 1640 vis
566 1593 768 1658 genus
831 1572 1030 1654 vitae,
1105 1572 1216 1635 sed
1280 1570 1361 1634 ad
1424 1570 1743 1655 quandam
1820 1571 2098 1635 formam
2164 1573 2431 1637 vivendi
2460 1599 2503 1639 ιε

403 1663 656 1729 videtur
710 1660 887 1743 data,
941 1660 1226 1743 itemque
1272 1662 1340 1723 et
1382 1660 1551 1723 ratio
1598 1662 1664 1722 et
1719 1658 2006 1741 perfecta
2049 1661 2247 1725 ratio.
2342 1661 2434 1725 Ut

403 1752 575 1816 enim
619 1748 924 1813 histrioni
979 1748 1177 1830 acti0,
1233 1747 1534 1811 saltatori
1578 1749 1792 1811 motus
1834 1768 1968 1811 non
2014 1747 2262 1833 quivis,
2322 1749 2432 1813 sed

403 1844 616 1905 certus
677 1836 937 1920 quidam
991 1839 1092 1899 est
1144 1835 1335 1899 datus
1344 1886 1361 1917 ,
1430 1836 1522 1899 sic
1574 1835 1715 1899 vita
1766 1835 2015 1919 agenda
2079 1840 2185 1900 est
2251 1842 2432 1901 certo

403 1945 637 2012 genere
683 1924 991 2008 quodam,
1037 1943 1170 1987 non
1216 1923 1533 2007 quolibet3
1578 1923 1749 2006 quod
1793 1944 1992 2007 genus
2039 1926 2431 1989 conveniens

405 2016 1032 2095 consentaneumque
1105 2010 1395 2075 dicimus.
1508 2008 1573 2075 N
1576 2032 1645 2075 00
1720 2011 1894 2075 enim
1965 2011 2434 2097 gubernationi
2458 2040 2501 2079 ιο

407 2105 520 2166 aut
581 2100 938 2164 medicinae
1001 2098 1278 2163 similem
1344 2099 1732 2182 sapientiam
1800 2121 1938 2163 esse
2012 2100 2435 2186 arbitramur,

406 2189 520 2255 sed
564 2189 806 2252 actioni
850 2188 949 2252 illi
992 2188 1237 2271 potius,
1285 2208 1480 2272 quam
1516 2187 1706 2251 modo
1752 2186 1911 2271 dixi,
1957 2191 2023 2251 et
2070 2190 2435 2273 saltationi,

404 2280 481 2342 ut
523 2276 592 2340 in
636 2276 782 2359 ipsa
826 2276 1009 2356 insit,
1062 2296 1190 2339 non
1247 2273 1410 2339 foris
1466 2279 1722 2359 petatur
1774 2279 2159 2361 extremum,
2211 2278 2287 2341 id
2336 2283 2437 2343 est

407 2365 566 2430 artis
614 2364 883 2429 effectio,
954 2363 1045 2428 Et
1088 2367 1311 2427 tamen
1357 2366 1459 2427 est
1501 2363 1699 2428 etiam
1744 2362 1875 2427 alia
1919 2384 2065 2428 cum
2110 2364 2213 2430 his
2262 2366 2433 2449 ipsis

406 2454 657 2520 artibus
721 2451 1077 2536 sapientiae
1142 2450 1598 2515 dissimilitudo
1608 2501 1625 2535 ,
1687 2454 2031 2535 propterea
2094 2452 2302 2537 quod,
2365 2456 2431 2519 in
2460 2480 2501 2519 11.

405 2542 539 2606 illis
576 2562 737 2627 quae
773 2544 943 2604 recte
979 2538 1156 2604 faeta
1192 2541 1361 2623 sunt,
1403 2560 1537 2604 non
1573 2538 1907 2604 continent
1939 2544 2162 2605 tamen
2198 2563 2434 2607 omnes

405 2633 649 2715 partes,
696 2651 731 2693 e
778 2628 1010 2712 quibus
1058 2629 1388 2711 constant3
1435 2648 1597 2712 quae
1644 2630 1857 2691 autem
1894 2649 2017 2692 nos
2054 2632 2169 2693 aut
2211 2636 2436 2695 recta

407 2721 521 2781 aut
565 2719 772 2781 recte
816 2714 1030 2780 faeta
1076 2714 1387 2797 dicamus,
1434 2717 1489 2779 si
1532 2715 1774 2799 placet,
1819 2716 1915 2779 illi
1952 2719 2169 2781 autem
2210 2720 2437 2801 appel-

404 2805 546 2867 lant
588 2799 1103 2886 κατορθώματα,
1151 2824 1376 2867 011111οε
1420 2824 1723 2868 numeros
1770 2803 2031 2879 virtutis
2068 2807 2433 2871 continent.

406 2887 561 2955 Sola
622 2891 793 2953 enim
858 2890 1178 2972 sapientia
1238 2892 1310 2955 in
1373 2912 1443 2954 se
1497 2895 1641 2955 tota
1704 2912 2010 2956 conversa
2061 2895 2189 2977 est,
2250 2895 2432 2977 quod
2456 2919 2501 2958 so

405 2977 575 3041 idem
629 2976 700 3039 in
756 2978 984 3040 ceteris
1039 2978 1287 3042 artibus
1346 2999 1479 3042 non
1532 2979 1624 3042 fit.
1723 2979 1961 3044 Inscite
2018 2984 2236 3044 autem
2295 3004 2431 3046 me-

405 3064 652 3128 dicinae
680 3068 750 3128 et
775 3063 1261 3148 gubernationis
1297 3066 1599 3130 ultimum
1629 3087 1771 3131 eum
1797 3068 2027 3133 ultimo
2063 3069 2430 3151 sapientiae

405 3155 834 3233 comparatur.
940 3148 1268 3234 Sapientia
1324 3155 1496 3217 enim
1554 3158 1620 3218 et
1665 3156 1865 3219 animi
1908 3156 2432 3240 magnitudinem

405 3239 860 3321 complectitur
906 3241 972 3302 et
1026 3239 1373 3324 iustitiam,
1420 3246 1487 3306 et
1540 3244 1615 3305 ut
1668 3244 1914 3321 omnia,
1965 3266 2132 3328 quae
2175 3244 2429 3309 homini

406 3326 724 3408 accidant,
795 3325 967 3389 infra
1031 3347 1098 3389 se
1163 3348 1302 3391 esse
1364 3329 1637 3413 iudicet,
1710 3332 1880 3413 quod
1949 3331 2120 3395 idem
2193 3334 2427 3397 ceteris
2450 3356 2494 3396 aa

407 3412 654 3475 artibus
691 3433 826 3476 non
859 3412 1203 3495 contingit.
1267 3412 1513 3479 Tenere
1544 3421 1757 3481 autem
1785 3418 2057 3483 virtutes
2088 3441 2198 3483 eas
2226 3420 2429 3503 ipsaS,

406 3518 679 3579 quarum
747 3499 939 3563 modo
1012 3498 1139 3561 feci
1209 3502 1633 3582 mentionem,
1704 3526 1892 3570 nemo
1964 3508 2233 3591 poterit,
2294 3508 2426 3572 nisi
