2609 3884
574 207 711 262 ΜΒ.
748 209 845 266 IV.
901 207 1059 264 CAP.
1101 213 1342 266 15—17.
1399 214 1429 276 ς
1467 215 1711 267 35—40.
2020 211 2154 276 405

124 371 460 457 totiusque
506 370 731 436 mundi
773 373 934 437 nota
978 371 1066 436 sit
1109 370 1536 454 magnitudo?
1621 371 1795 438 Nam
1841 371 1994 457 quid
2039 377 2153 438 aut

124 460 199 523 in
245 460 479 525 studiis
526 459 827 561 humanis
875 461 989 524 aut
1032 459 1101 523 in
1144 463 1281 524 tam
1331 460 1566 544 exigua
1614 461 1933 526 brevitate
1977 461 2151 525 vitae

125 569 439 720 ἒξῖῗῖἓῗῗ
488 547 1327 719 ἰῗΡὲῖἛιιῖἰᾶῗέἕτξῖἓὲἓὲ.
1358 568 2152 721 {2212222530335021333

74 751 99 791 5
126 725 565 809 inopinatum,
615 723 783 788 nihil
839 725 1099 789 omnino
1158 724 1441 790 novum?
1543 725 1762 810 Atque
1822 724 1996 790 idem
2056 725 2153 789 ita
2188 745 2257 796 38

129 836 344 878 acrem
380 815 451 878 in
488 812 696 879 omnis
731 813 937 896 partis
968 813 1169 878 aciem
1204 813 1502 897 intendit,
1536 816 1612 879 ut
1649 834 1900 897 semper
1935 813 2154 878 videat

128 903 348 968 sedem
402 902 530 967 sibi
588 922 661 966 ac
686 968 690 972 Α
715 901 930 966 locum
984 900 1121 966 sine
1167 901 1474 967 molestia
1528 906 1718 987 atque
1775 921 2016 986 angore
2060 901 2152 966 vi-

126 991 349 1074 vendi,
394 994 486 1074 ut,
531 1009 991 1076 quemcumque
1029 1010 1249 1054 casum
1284 989 1550 1055 fortuna
1593 990 1934 1072 invexerit,
1981 989 2154 1055 hunc

130 1083 283 1164 apte
322 1081 390 1143 et
432 1079 648 1162 quiete
692 1078 888 1162 ferat3
936 1077 1107 1162 quod
1153 1078 1263 1162 qui
1309 1077 1535 1162 faciet,
1577 1099 1710 1143 non
1745 1077 2151 1162 aegritudine

52 1193 102 1232 ιο
130 1168 342 1233 solum
404 1167 691 1250 vacabit,
768 1165 878 1230 sed
951 1166 1149 1230 etiam
1220 1166 1815 1250 perturbationibus
1886 1166 2153 1251 reliquis

132 1255 452 1322 omnibus.
554 1253 677 1319 His
738 1258 955 1318 autem
1012 1275 1252 1319 vacuus
1310 1254 1564 1320 animus
1619 1254 1903 1338 perfecte
1959 1257 2153 1338 atque

132 1345 429 1409 absolute
473 1343 697 1408 beatos
745 1341 972 1425 efficit,
1016 1341 1313 1427 idemque
1351 1343 1712 1408 concitatus
1760 1344 1826 1405 et
1871 1342 2155 1415 abstrac-

130 1437 238 1496 tus
277 1432 360 1497 ab
396 1432 654 1516 integra
690 1429 987 1515 certaque
1023 1430 1274 1495 ratione
1311 1451 1445 1495 non
1472 1429 1908 1496 constantiam
1945 1430 2155 1495 solum

135 1520 408 1603 amittit,
451 1541 675 1584 verum
719 1519 917 1584 etiam
964 1518 1328 1583 sanitatem.

56 1633 105 1674 15
269 1607 585 1685 Quocirca
628 1607 843 1672 mollis
892 1611 957 1671 et
1004 1608 1308 1670 enervata
1352 1604 1642 1689 putanda
1687 1608 1787 1670 est
1824 1604 2152 1688 Peripate-

132 1697 413 1762 ticorum
449 1696 619 1761 ratio
658 1700 724 1760 et
760 1695 999 1778 oratio,
1044 1694 1155 1779 qui
1199 1694 1570 1776 perturbari
1606 1693 1856 1758 animos
1891 1713 2155 1757 neccsse
2275 1763 2296 1778 ‚

134 1783 358 1850 dicunt
394 1806 553 1868 esse,
591 1784 703 1849 sed
740 1783 1050 1848 adhibent
1086 1783 1347 1847 modum
1384 1781 1721 1866 quendam,
1756 1802 1947 1865 quem
1981 1781 2157 1846 ultra

131 1871 435 1958 progredi
478 1894 610 1938 non
656 1875 973 1957 oporteat.
1061 1869 1328 1936 Modum
1373 1875 1448 1935 tu
1495 1868 1764 1935 adhibes
1809 1867 2016 1934 vitio?
2071 1891 2156 1933 an
2191 1889 2260 1940 39

132 1961 366 2026 vitium
402 1961 654 2026 nullum
694 1964 794 2025 est
836 1981 968 2025 non
1002 1981 1229 2044 parere
1264 1957 1550 2023 rationi?
1598 1979 1683 2021 an
1721 1956 1889 2023 ratio
1926 1979 2156 2041 parum

60 2074 110 2113 20
135 2049 453 2134 praecipit
513 2069 632 2113 nec
708 2049 955 2113 bonum
1024 2047 1186 2133 illud
1260 2068 1432 2131 esse,
1504 2045 1676 2131 quod
1750 2048 1864 2110 aut
1935 2046 2156 2130 cupias

137 2138 435 2203 ardenter
480 2140 593 2202 aut
638 2136 909 2221 adeptus
956 2135 1201 2200 ecferas
1246 2138 1314 2199 te
1359 2135 1738 2213 insolenter,
1797 2154 1917 2198 nec
1961 2155 2157 2217 porro

135 2227 409 2310 malum,
454 2247 581 2309 quo
629 2228 743 2289 aut
787 2245 1133 2308 oppressus
1187 2224 1400 2288 iaceas
1448 2227 1587 2306 aut,
1643 2243 1724 2288 ne
1772 2222 2159 2307 opprimare,

135 2319 352 2379 mente
398 2313 505 2378 vix
551 2314 857 2378 constes?
904 2333 1104 2397 eaque
1143 2311 1362 2377 omnia
1398 2314 1513 2377 aut
1545 2311 1741 2376 nimis
1786 2310 2004 2374 tristia
2051 2312 2163 2374 aut

133 2403 327 2468 nimis
383 2401 561 2466 laeta
614 2422 826 2466 errore
882 2401 1023 2465 fieri
1033 2450 1051 2484 ,
1105 2401 1217 2484 qui
1272 2421 1451 2464 error
1505 2399 1726 2464 stultis
1785 2400 2162 2462 extenuetur

27 2491 108 2554 '25
136 2491 265 2574 die,
320 2493 420 2574 ut,
476 2511 621 2554 cum
664 2510 769 2554 res
813 2488 1037 2553 eadem
1081 2490 1369 2572 maneat,
1430 2487 1621 2552 aliter
1664 2486 1878 2550 ferant
1921 2485 2161 2549 invete-

134 2583 307 2663 rata,
388 2578 583 2642 aliter
644 2577 955 2661 recentia,
1031 2575 1343 2660 sapientis
1406 2596 1488 2640 ne
1553 2574 1840 2658 attingat
1899 2571 2159 2657 quidem

135 2664 443 2732 omnino?
515 2664 777 2730 Etenim
823 2665 968 2750 quis
1016 2666 1138 2729 erit
1179 2664 1445 2728 tandem
1481 2663 1710 2728 modus
1755 2658 1925 2726 iste?
1971 2681 2161 2744 quae-
2197 2679 2268 2730 40

132 2777 355 2820 ramus
395 2753 567 2819 enim
604 2753 865 2819 modum
902 2752 1354 2839 aegritudiniS,
1399 2751 1469 2815 in
1515 2772 1642 2835 qua
1687 2770 1919 2833 operae
1965 2749 2161 2833 pluri-

134 2865 315 2908 mum
373 2843 656 2926 ponitur.
747 2841 961 2927 Aegre
1014 2841 1243 2907 tulisse
1287 2839 1359 2905 P.
1405 2839 1742 2922 Rupilium
1795 2837 2019 2901 fratris
2064 2857 2162 2901 re-

62 2955 109 2995 so
134 2932 397 3016 pulsam
451 2929 825 2996 consulatus
881 2928 1193 3013 scriptum
1239 2927 1412 3012 apud
1457 2926 1779 2992 Fannium
1831 2928 1948 2990 est.
2037 2923 2164 2990 Sed
2259 2981 2261 2983 .

134 3024 358 3085 tamen
410 3019 723 3083 transisse
776 3017 1033 3082 videtur
1086 3016 1375 3095 modum,
1431 3016 1668 3100 quippe
1731 3014 1842 3100 qui
1887 3014 1971 3079 ob
2019 3034 2164 3080 eam

27 3171 29 3180 ς
135 3129 401 3173 causam
430 3129 469 3171 a
494 3107 635 3172 vita
659 3107 1025 3188 recesserit3
1070 3103 1465 3169 moderatius
1495 3103 1697 3187 igitur
1723 3102 1893 3167 ferre
1922 3101 2164 3167 debuit.

136 3195 332 3280 Quid,
380 3195 463 3279 si,
508 3216 656 3259 cum
691 3194 759 3259 id
794 3194 992 3258 ferret
1028 3192 1304 3276 modice,
1350 3212 1524 3256 mors
1562 3190 1916 3256 liberorum
1955 3209 2164 3254 acces-

136 3281 377 3371 sisset?
476 3279 655 3348 Nata
711 3285 882 3347 esset
937 3280 1272 3365 aegritudo
1327 3300 1522 3364 nova,
1580 3279 1694 3344 sed
1749 3301 1826 3344 ea
1881 3276 2160 3358 modica3

62 3393 109 3435 35
135 3392 379 3456 magna
432 3372 656 3436 tamen
708 3370 884 3434 facta
939 3372 1111 3433 esset
1164 3367 1462 3433 accessio.
1563 3366 1760 3451 Quid,
1815 3364 1874 3430 si
1932 3362 2164 3429 deinde

134 3460 389 3525 dolores
449 3479 679 3544 graves
728 3457 1044 3541 corporiS,
1099 3457 1156 3522 si
1200 3456 1521 3522 bonorum
1569 3452 1864 3536 amissiO,
1919 3451 1976 3516 si
2024 3471 2162 3515 cae-

135 3549 330 3633 citaS‚
395 3546 454 3611 si
518 3545 827 3611 exilium?
941 3541 1013 3610 Si
1081 3566 1200 3628 pro
1268 3543 1546 3627 singulis
1620 3540 1809 3606 malis
1886 3537 2165 3623 aegritu-
