2609 3884
734 155 869 212 ΗΒ.
908 155 975 211 v.
1032 156 1184 211 CAP.
1224 161 1319 225 19,
1358 160 1441 211 20.
1498 160 1529 222 ς
1567 160 1811 212 50-66,
2156 156 2286 221 259

276 339 532 382 maeum
579 338 647 382 se
691 338 911 403 regem
955 316 1429 382 Alexandream
1474 318 1768 383 contulit.
1858 315 1982 393 Qui
2027 338 2172 382 cum
2215 316 2289 383 in

276 405 400 471 hac
434 405 582 489 ipsa
616 404 1060 489 philosophia,
1101 405 1182 469 ad
1219 427 1414 490 quam
1450 409 1517 469 te
1552 404 1912 489 hortamur,
1950 405 2288 471 excelleret

277 492 832 577 Theophrastique
879 497 1047 557 esset
1092 493 1374 577 auditor,
1426 494 1635 558 multa
1686 495 2015 577 praeclara
2056 494 2127 558 in
2171 495 2285 559 illo

279 581 657 646 calamitoso
705 580 838 645 otio
886 580 1150 664 scripsit
1193 603 1324 646 non
1379 581 1459 645 ad
1512 604 1703 646 usum
1757 582 2037 665 aliquem
2083 604 2290 666 suum,

223 694 252 736 ο
279 691 407 753 quo
455 672 596 733 erat
639 668 932 753 orbatae,
985 668 1098 732 sed
1143 669 1345 733 animi
1389 670 1599 733 cultus
1657 670 1765 733 ille
1814 672 1953 734 erat
1996 670 2057 734 ei
2101 670 2289 754 quasi

280 756 543 841 quidam
594 755 1019 820 humanitatis
1075 755 1277 821 cibus.
1388 757 1706 840 Equidem
1760 779 1795 822 e
1848 755 1959 822 Cn.
2014 756 2291 841 Aufidio,

279 844 632 929 praetorio,
690 843 936 926 erudito
982 844 1270 929 homine,
1326 844 1531 910 oculis
1577 848 1791 927 capto,
1840 866 2031 928 saepe
2076 844 2287 910 audie-

278 934 456 1016 bam,
519 954 665 997 cum
727 952 796 996 se
858 931 1023 997 lucis
1077 931 1286 1018 magis
1351 954 1546 1017 quam
1605 932 1908 997 utilitatis
1972 932 2289 998 desiderio

279 1021 528 1086 moveri
564 1020 820 1084 diceret.
875 1018 1186 1085 Somnum
1225 1020 1497 1103 denique
1531 1020 1737 1097 nobie,
1772 1020 1900 1084 nisi
1935 1020 2289 1105 requietem

196 1132 249 1174 ιο
279 1107 658 1192 corporibus
731 1111 798 1172 et
857 1108 1241 1173 medicinam
1304 1107 1625 1193 quandam
1702 1108 1943 1173 laboris
2016 1110 2293 1193 afferret,

279 1200 506 1262 contra
540 1198 843 1260 naturam
888 1199 1260 1279 putaremus
1295 1196 1548 1280 datum3
1595 1194 1806 1260 aufert
1849 1196 2020 1260 enim
2064 1217 2292 1261 sensus

279 1284 724 1368 actionemque
776 1283 957 1348 tollit
1012 1305 1282 1349 omnem.
1380 1282 1610 1367 Itaque
1666 1283 1723 1347 si
1780 1286 1894 1348 aut
1936 1283 2291 1369 requietem

278 1374 513 1435 natura
571 1392 707 1436 non
771 1374 1106 1456 quaereret
1167 1376 1283 1436 aut
1335 1392 1479 1436 eam
1540 1374 1765 1454 posset
1824 1370 1957 1435 alia
2014 1371 2291 1456 quadam

279 1459 530 1523 ratione
591 1460 920 1543 consequi,
991 1458 1178 1524 facile
1235 1461 1631 1542 pateremur,
1688 1459 1801 1542 qui
1865 1459 2061 1523 etiam
2122 1480 2293 1524 nunc

196 1570 251 1613 15
280 1547 516 1631 agendi
551 1546 798 1631 aliquid
834 1546 1246 1630 discendique
1283 1567 1479 1611 causa
1511 1568 1709 1631 prope
1739 1550 1967 1611 contra
1991 1550 2291 1611 naturam

277 1634 536 1719 vigilias
583 1634 908 1717 suspicere
953 1634 1292 1699 soleamus.

413 1720 578 1787 Sunt
639 1724 857 1787 autem
920 1722 1116 1786 etiam
1182 1722 1459 1788 clariora
1519 1722 1623 1786 vel
1699 1722 1893 1805 plane
1954 1722 2291 1806 perspicua
2309 1693 2397 1819 252

277 1810 668 1894 minimeque
715 1809 1071 1874 dubitanda
1109 1809 1349 1876 indicia
1382 1813 1677 1887 naturae,
1723 1809 1999 1874 maxime
2047 1810 2293 1874 scilicet

277 1897 350 1962 in
402 1898 689 1981 homine,
744 1897 855 1963 sed
907 1899 977 1962 in
1023 1898 1200 1962 omni
1255 1897 1548 1980 animali,
1605 1899 1680 1961 ut
1725 1900 1993 1981 appetat
2038 1897 2290 1963 animus

196 2010 253 2050 πο
280 2006 470 2069 agere
525 2006 779 2069 semper
830 1985 1075 2070 aliquid
1124 2007 1334 2070 neque
1388 1985 1526 2049 ulla
1579 1984 1951 2050 condicione
2008 1985 2291 2070 quietem

282 2072 737 2173 sempiternam
790 2073 1002 2156 possit
1052 2073 1208 2157 pati.
1313 2072 1529 2137 Facile
1582 2075 1683 2137 est
1733 2073 1856 2138 hoc
1911 2094 2169 2138 cernere
2222 2072 2291 2137 in

279 2159 506 2243 primis
549 2180 900 2261 puerorum
953 2160 1274 2225 aetatulis.
1375 2159 1777 2244 Quamquam
1832 2161 2004 2225 enim
2050 2183 2293 2245 vereor,

280 2269 361 2311 ne
405 2247 644 2311 nimius
689 2247 760 2311 in
802 2247 927 2312 hoc
970 2267 1201 2332 genere
1238 2247 1481 2332 videar,
1524 2252 1745 2313 tamen
1782 2270 2004 2314 omnes
2040 2252 2291 2314 veteres

279 2334 681 2419 philosophi,
743 2335 1020 2400 maxime
1073 2336 1309 2421 nostri,
1374 2336 1454 2400 ad
1515 2336 1901 2401 incunabula
1964 2337 2291 2420 accedunt,

197 2446 252 2489 2⁶
280 2422 450 2507 quod
496 2422 566 2486 in
609 2421 889 2505 pueritia
939 2422 1248 2488 facillime
1295 2444 1363 2487 se
1410 2423 1808 2489 arbitrentur
1859 2427 2132 2489 naturae
2178 2445 2289 2489 vo-

279 2512 601 2575 luntatem
646 2531 839 2594 posse
893 2530 1295 2595 cognoscere.
1384 2510 1694 2576 Videmus
1739 2512 1966 2597 igitur,
2025 2515 2099 2577 ut
2142 2533 2290 2577 con-

281 2600 607 2683 quiescere
651 2619 732 2661 ne
777 2597 1060 2663 infantes
1107 2599 1367 2683 quidem
1410 2600 1690 2683 possint3
1744 2620 1890 2663 cum
1934 2620 2088 2664 vero
2132 2621 2290 2683 pau-

280 2687 417 2751 lum
452 2689 919 2770 processerunt,
955 2686 1317 2752 lusionibus
1354 2687 1458 2751 vel
1495 2687 1841 2753 laboriosis
1877 2687 2292 2772 delectantur,

280 2778 356 2839 ut
423 2796 505 2838 ne
576 2773 952 2839 verberibus
1023 2775 1283 2859 quidem
1358 2774 1663 2839 deterreri
1733 2775 2016 2860 possint3
2091 2797 2291 2859 eaque

197 2888 252 2927 so
281 2862 600 2945 cupiditas
647 2862 883 2945 agendi
929 2862 1170 2946 aliquid
1215 2862 1529 2927 adulescit
1584 2884 1715 2927 una
1760 2884 1906 2927 cum
1952 2863 2293 2927 aetatibus.

278 2949 532 3035 Itaque,
573 2971 656 3014 ne
695 2949 752 3014 si
785 2950 1266 3015 iucundissimis
1303 2950 1561 3034 quidem
1595 2971 1715 3015 nos
1753 2951 2023 3015 somniis
2060 2971 2290 3015 usuros

278 3042 606 3122 putemus,
666 3036 1100 3121 Endymionis
1165 3059 1466 3103 somnum
1536 3037 1725 3103 nobis
1799 3039 2069 3103 velimus
2134 3037 2290 3122 dari,

277 3126 468 3210 idque
517 3126 576 3190 si
619 3125 894 3209 accidat,
941 3125 1168 3191 mortis
1213 3126 1425 3190 instar
1467 3129 1787 3210 putemus,
1878 3125 2049 3202 Quin
2094 3126 2289 3191 etiam
2327 3136 2395 3187 56

279 3213 706 3278 inertissimos
769 3211 1065 3278 homines
1135 3212 1355 3278 nescio
1421 3234 1549 3297 qua
1618 3212 1933 3298 singulari
2003 3214 2293 3315 nequitia

197 3324 252 3366 ⁸5
277 3301 608 3383 praeditos
653 3300 944 3365 videmus
989 3303 1207 3363 tamen
1253 3302 1320 3365 et
1364 3321 1631 3384 corpore
1679 3305 1745 3366 et
1783 3301 1998 3366 animo
2046 3302 2291 3365 moveri

280 3410 532 3472 semper
579 3391 669 3471 et,
722 3408 868 3452 cum
910 3409 981 3451 re
1025 3386 1207 3451 nulla
1261 3387 1693 3472 impediantur
1736 3388 2123 3471 necessaria,
2179 3390 2293 3452 aut

277 3475 602 3542 alveolum
650 3437 915 3560 ²poscere
970 3479 1082 3540 aut
1137 3496 1440 3559 quaerere
1500 3477 1866 3562 quempiam
1911 3476 2132 3540 ludum
2178 3478 2291 3539 aut

1862 3578 1969 3631 1⁷*
