2609 3884
227 1641 292 1691 63

332 147 464 211 226
653 147 750 202 DE
788 146 1080 202 FINIBUS
1115 147 1477 203 BONORUM
1510 147 1608 201 ΕΤ
1644 146 2011 203 MALORUM

333 310 672 392 vidissent,
717 331 826 373 eas
873 331 912 373 a
949 306 1185 374 Stoicis
1224 330 1366 373 esse
1410 313 1808 393 perspectae,
1854 308 2204 392 eisdemque
2242 308 2326 371 de

315 398 523 461 -rebus
559 397 680 462 hos
709 418 854 461 cum
883 398 1134 461 acutius
1165 397 1562 479 disseruisse,
1599 401 1739 461 tum
1775 398 2051 461 sensisse
2086 397 2328 481 gravius

333 488 399 549 et
441 485 704 568 fortius,
750 486 988 569 quippe
1025 484 1134 570 qui
1168 485 1453 568 primum
1490 484 1927 549 valetudinem
1967 485 2195 549 bonam
2226 506 2329 547 ex-

331 574 674 657 petendam
736 576 980 655 negent
1042 594 1206 655 esse,
1271 572 1634 657 eligendam
1698 572 1944 657 dicant,
2005 594 2119 637 nec
2186 572 2333 655 quia

331 662 576 726 bonum
613 661 703 725 sit
737 660 970 743 valere,
1008 660 1120 724 sed
1155 659 1308 744 quia
1345 661 1434 724 sit
1464 681 1596 726 non
1633 660 1837 725 nihilo
1877 661 2333 725 aestimandum
2358 686 2385 727 5

334 748 569 835 (neque
612 753 832 813 tamen
875 748 1082 831 pluris
1127 747 1259 813 illis
1301 749 1582 833 videtur,
1626 748 1739 832 (1111
1782 748 1943 813 illud
1987 770 2119 812 non
2160 747 2333 811 dubi-

331 841 475 902 tant
516 838 760 902 bonum
807 834 1070 921 dicere);
1121 835 1247 901 hoc
1303 857 1456 901 vero
1513 840 1579 900 te
1634 835 1801 901 ferre
1854 858 1987 901 non
2041 836 2336 919 potuisse,

331 926 504 1009 quod
567 924 820 1007 antiqui
881 924 981 988 illi
1045 924 1231 1007 quasi
1296 924 1585 1008 barbati,
1646 927 1722 989 ut
1780 946 1900 989 nos
1966 925 2043 989 de
2104 924 2335 989 nostris

333 1015 612 1078 solemus
660 1013 896 1096 dicere,
942 1012 1358 1093 crediderim,
1406 1034 1544 1077 e1us
1553 1062 1571 1096 ,
1617 1014 1729 1096 qui
1774 1012 2047 1077 honeste
2084 1012 2336 1094 viveret,

333 1102 390 1165 si
443 1102 616 1166 idem
671 1101 868 1163 etiam
929 1099 1093 1164 bene
1147 1100 1420 1183 valeret,
1484 1101 1645 1164 bene
1707 1100 1986 1183 audiret,
2048 1101 2334 1183 copiosus
2362 1127 2415 1164 ιο

333 1191 528 1269 esset,
576 1187 1033 1271 optabiliorem
1077 1187 1215 1251 fore
1260 1188 1465 1252 vitam
1510 1188 1969 1271 melioremque
2026 1192 2093 1251 et
2136 1188 2335 1270 magis

333 1276 754 1359 expetendam
793 1298 986 1358 quam
1024 1275 1227 1357 illius,
1274 1276 1384 1358 qui
1421 1297 1622 1359 aeque
1659 1276 1758 1341 vir
1794 1276 2001 1341 bonus
2048 1274 2336 1339 ‘multis

331 1362 607 1429 modis'
655 1367 854 1447 esset,
898 1368 972 1427 ut
1015 1362 1216 1427 Ennii
1260 1364 1596 1446 Alcman,

377 1494 1078 1562 ...circumventus
1124 1495 1419 1580 morbo,
1464 1496 1745 1560 exsilio
1793 1499 2019 1580 atque
2065 1493 2340 1579 inopia.

330 1627 440 1691 Illi
491 1627 696 1713 igitur
751 1626 1002 1711 antiqui
1054 1649 1190 1691 11011
1241 1630 1379 1691 tam
1426 1630 1611 1691 acute
1658 1627 2111 1711 optabiliorem
2168 1627 2344 1692 illam
2370 1654 2417 1693 ιε,

331 1717 532 1781 vitam
568 1718 823 1799 putant,
859 1715 1433 1799 praestantiorem,
1470 1714 1851 1815 beatiorem,
1890 1713 2095 1780 Stoici
2134 1720 2343 1781 autem

329 1807 586 1867 tantum
649 1803 842 1868 modo
896 1804 1419 1887 praeponendam
1474 1804 1545 1867 in
1608 1803 1968 1886 seligendo,
2033 1825 2171 1867 11011
2224 1826 2349 1887 (1110

329 1892 584 1956 beatior
638 1912 716 1955 ea
768 1892 904 1956 vita
961 1892 1076 1975 sit,
1130 1892 1246 1959 sed
1297 1891 1470 1976 quod
1514 1891 1595 1955 ad
1647 1895 1947 1955 naturam
1992 1913 2349 1957 accommo-

332 1979 570 2061 datior,
627 1982 720 2057 et,
775 1980 888 2063 qui
935 1941 1257 2063 sapientes
1311 2001 1445 2043 non
1501 1979 1658 2062 sint,
1717 2000 1939 2043 omnes
1986 2001 2194 2063 aeque
2238 1980 2355 2045 mi-

333 2088 510 2131 seros
557 2088 715 2131 0880.
807 2066 1010 2131 Stoici
1052 2068 1177 2132 hoc
1221 2066 1525 2131 videlicet
1564 2028 1888 2150 viderunt,
1932 2067 2085 2131 illos
2134 2072 2355 2132 autem
2380 2096 2420 2135 zu

331 2155 398 2219 id
431 2154 696 2237 fugerat
731 2156 1122 2238 superiores,
1160 2155 1456 2219 homines
1496 2154 1844 2219 sceleribus
1882 2158 1950 2217 et
1984 2156 2358 2238 parricidiis

331 2242 702 2325 inquinatos
747 2241 952 2309 nihilo
997 2242 1361 2308 miseriores
1409 2263 1550 2307 esse
1606 2264 1799 2325 quam
1852 2263 1989 2326 eos,
2044 2244 2160 2327 qui
2208 2266 2359 2307 cum

333 2334 508 2394 caste
573 2332 640 2394 et
700 2331 953 2414 integre
1015 2331 1334 2413 viverent,
1395 2330 1681 2395 nondum
1742 2329 2097 2413 perfectam
2166 2332 2358 2396 illam

229 2438 298 2487 64
341 2418 725 2502 sapientiam
781 2422 996 2483 essent
1049 2419 1392 2483 consecuti.
1490 2419 1703 2501 Atque
1756 2418 1881 2483 hoc
1924 2418 2072 2484 1000
2122 2420 2357 2483 simili-

331 2506 586 2570 tudines
633 2527 769 2590 eas,
826 2507 1058 2589 quibus
1102 2506 1201 2570 illi
1243 2508 1343 2571 uti
1389 2506 1628 2589 solent,
1683 2506 2155 2571 dissimillimas
2205 2529 2357 2592 pro·
2382 2534 2429 2574 85

330 2593 601 2659 ferebas·
692 2593 851 2670 Quis
899 2594 1071 2659 enim
1116 2595 1402 2679 ignorat,
1455 2594 1516 2659 si
1568 2594 1787 2677 plures
1835 2616 1912 2659 ex
1962 2596 2100 2659 alto
2148 2618 2359 2659 emer-

332 2702 482 2765 gere
528 2682 760 2766 velint,
804 2683 1073 2766 propius
1118 2681 1258 2747 fore
1305 2704 1416 2747 eos
1464 2682 1719 2766 quidem
1763 2682 1844 2746 ad
1878 2684 2357 2767 respirandum,

333 2770 442 2852 qui
477 2769 559 2832 ad
595 2791 914 2870 summam
952 2793 1186 2855 aquam
1221 2771 1357 2834 iam
1394 2770 1945 2871 appropinquent,
1990 2771 2105 2872 sed
2139 2772 2354 2836 nihilo

331 2876 572 3008 ἓὲἓὲῗφ
605 2878 1450 3029 ‘effiffimigffiseaffiffi
1503 2879 1859 3029 ἶῖῗοθὲἓίθ
1879 2861 2012 3010 Βέἒῗ
2042 2881 2353 3031 Ρῖἶὲςῖξὲῐ
2376 2973 2427 3013 ω

331 3032 400 3095 111
445 3032 713 3114 virtute,
759 3054 886 3115 quo
932 3034 1146 3099 minus
1201 3034 1602 3099 miserrimus
1650 3034 1762 3115 sit,
1816 3036 1967 3097 ante
2024 3057 2223 3118 quam
2268 3034 2353 3099 ad

333 3140 474 3183 eam
526 3120 915 3202 pervenerit,
979 3122 1284 3223 quoniam
1346 3121 1417 3185 in
1474 3141 1643 3205 aqua
1685 3084 1859 3185 nihil
1919 3122 2213 3205 adiuvat,
2268 3126 2351 3207 et,

332 3207 637 3290 quoniam
683 3208 911 3289 catuli,
957 3210 1068 3294 qui
1112 3211 1244 3273 iam
1291 3208 1644 3292 dispecturi
1692 3212 1870 3291 sunt,
1925 3210 2101 3274 caeci
2148 3230 2350 3295 aeque

333 3298 399 3357 et
451 3294 526 3376 11,
578 3295 691 3378 (1111
747 3295 937 3361 1110ᾱο
993 3298 1160 3379 nati,
1214 3296 1555 3361 Platonem
1611 3317 1860 3381 quoque
1912 3318 2177 3363 necesse
2234 3302 2350 3381 est,

335 3382 636 3462 quoniam
687 3383 976 3447 nondum
1034 3384 1292 3447 videbat
1356 3385 1767 3468 sapientiam,
1830 3405 2033 3468 aeque
2088 3407 2348 3451 caecum
2373 3411 2421 3452 85

335 3467 549 3532 animo
593 3490 669 3534 ac
712 3470 1043 3534 Phalarim
1089 3470 1309 3535 fuisse.
