2609 3884
318 122 453 187 250
644 122 742 177 ΒΕ
777 120 1067 177 FINIBUS
1103 120 1467 177 BONORUM
1501 121 1597 176 ΕΤ
1631 120 1999 178 MALORUM

317 288 394 351 ut
445 286 720 350 excellat
773 284 950 369 61116,
1004 284 1175 349 anim
1183 306 1421 368 umque
1473 283 1573 349 ita
1626 286 2083 370 constitutum,
2140 289 2217 352 ut
2270 288 2343 351 et

318 374 614 440 sensibus
659 374 1014 438 instructus
1051 372 1141 437 sit
1175 376 1243 437 et
1283 372 1527 437 habeat
1567 373 2040 474 praestantiam
2079 374 2341 457 mentis,

318 462 422 528 cui
466 464 610 528 tota
651 460 936 526 hominis
978 463 1216 526 natura
1257 464 1513 545 pareat,
1566 461 1637 526 in
1690 484 1818 546 qua
1870 461 1960 526 sit
2016 462 2341 527 mirabilis

318 551 634 636 quaedam
690 549 792 614 vis
847 549 1121 613 rationis
1175 552 1242 614 et
1287 548 1685 634 cognitionis
1747 552 1814 613 et
1858 550 2166 615 scientiae
2211 550 2343 615 vir-

315 641 656 723 tutumque
701 637 1008 703 omnium.
1107 633 1280 701 Nam
1325 659 1491 722 quae
1538 638 1827 722 corporis
1874 640 2052 721 sunt,
2097 659 2175 702 ea
2216 659 2342 703 nec
2366 661 2395 703 a

318 727 769 793 auctoritatem
841 746 986 790 cum
1057 724 1262 789 animi
1332 726 1626 809 partibus
1698 726 2199 810 comparandam
2272 730 2343 791 et

319 814 780 901 cognitionem
798 813 1046 878 habent
1087 812 1467 881 faciliorem.
1554 811 1784 899 Itaque
1838 816 1922 879 ab
1976 814 2080 879 his
2126 814 2340 879 ordia·

211 918 280 967 65
317 926 480 969 mur.
571 900 876 986 Corporis
935 901 1142 987 igitur
1183 903 1396 968 nostri
1440 906 1659 987 partes
1702 906 1973 988 totaque
2016 904 2227 985 figura
2270 905 2343 968 et

315 992 530 1058 forma
574 993 641 1055 et
685 993 941 1055 statura
985 1010 1178 1073 quam
1225 994 1385 1074 apta
1420 990 1503 1055 ad
1537 994 1843 1056 naturam
1891 991 2006 1076 sit,
2048 995 2341 1076 apparet,

315 1101 522 1165 neque
576 1082 676 1145 est
729 1078 1021 1162 dubium,
1077 1079 1260 1163 quin,
1316 1078 1521 1158 frons,
1575 1078 1774 1164 001111,
1830 1100 2015 1145 aures
2076 1083 2144 1144 et
2187 1079 2339 1145 reli·
2371 1106 2429 1145 10

319 1190 483 1253 quae
519 1171 740 1251 partes
779 1167 1000 1251 quales
1036 1167 1339 1251 propriae
1374 1167 1511 1233 sint
1544 1166 1857 1253 hominis,
1900 1167 2339 1252 intellegatur.

319 1254 447 1321 Sed
501 1258 672 1320 certe
725 1276 888 1339 opus
943 1257 1044 1319 est
1097 1276 1176 1319 ea
1227 1255 1441 1320 valere
1496 1259 1564 1321 et
1622 1255 1843 1341 vigere
1890 1259 1958 1320 et
1998 1256 2339 1322 naturales

317 1347 531 1409 motus
577 1364 858 1427 ususque
902 1342 1169 1427 habere,
1221 1346 1297 1408 ut
1350 1365 1471 1410 nec
1516 1344 1693 1409 absit
1750 1343 1906 1429 quid
1950 1365 2174 1409 eorum
2214 1365 2341 1409 nec

319 1453 586 1518 aegrum
645 1432 1133 1498 debilitatumve
1189 1431 1299 1517 sit3
1356 1431 1426 1496 id
1479 1432 1651 1497 enim
1706 1435 1945 1497 natura
1998 1431 2341 1498 desiderat.

314 1521 441 1587 Est
483 1524 701 1586 autem
737 1521 937 1585 etiam
974 1520 1145 1585 actio
1192 1520 1509 1603 quaedam
1554 1521 1843 1604 corporis
1856 1570 1872 1603 ,
1918 1541 2083 1605 quae
2118 1523 2339 1586 motus
2369 1544 2427 1587 111

318 1612 384 1674 et
447 1612 657 1676 status
718 1612 992 1673 naturae
1057 1612 1485 1693 congruentes
1551 1611 1757 1694 tenet3
1828 1610 1900 1673 in
1970 1608 2203 1693 quibus
2278 1608 2339 1674 si

317 1702 618 1782 peccetur
662 1697 1045 1763 distortione
1091 1700 1161 1761 et
1201 1696 1661 1780 depravatione
1707 1696 1986 1782 quadam
2030 1718 2107 1761 ac
2148 1700 2339 1762 motu

318 1790 576 1851 statuve
621 1784 920 1868 deformi,
974 1786 1050 1848 ut
1104 1785 1163 1849 si
1217 1787 1329 1849 aut
1383 1785 1683 1850 manibus
1743 1784 2147 1869 ingrediatur
2190 1785 2338 1869 quis

317 1876 432 1939 aut
473 1895 609 1939 non
655 1876 832 1956 ante,
881 1872 994 1937 sed
1037 1875 1212 1937 retro
1221 1916 1240 1956 ‚-
1293 1872 1518 1957 fugere
1563 1873 1756 1957 plane
1804 1895 1873 1937 66
1916 1873 2059 1957 ipse
2106 1876 2173 1937 et
2215 1872 2337 1938 ho·

315 1962 558 2026 minem
613 1982 850 2027 exuens
918 1982 996 2025 ex
1055 1960 1321 2026 homine
1382 1964 1684 2026 naturam
1746 1960 1961 2025 odisse
2022 1960 2337 2027 videatur.
2365 1986 2423 2027 2⁰

318 2050 526 2126 Quam
564 2049 648 2113 ob
685 2070 823 2113 rem
861 2050 1058 2114 etiam
1105 2049 1426 2115 sessiones
1464 2048 1780 2134 quaedam
1816 2052 1883 2113 et
1918 2048 2069 2114 flexi
2112 2048 2335 2113 fracti-

317 2158 440 2221 que
477 2140 725 2222 motus,
771 2138 994 2222 quales
1029 2140 1479 2221 protervorum
1515 2136 1855 2202 hominum
1892 2140 2005 2203 aut
2040 2135 2337 2202 mollium

318 2246 458 2290 esse
515 2224 754 2309 solent,
809 2228 1038 2295 contra
1089 2229 1391 2291 naturam
1446 2228 1623 2311 sunt,
1680 2229 1781 2309 ut,
1828 2225 2086 2290 etiamsi
2131 2224 2337 2291 animi

317 2312 480 2379 vitio
527 2313 596 2378 id
641 2314 922 2397 eveniat,
977 2318 1200 2378 tamen
1242 2314 1313 2378 in
1358 2335 1625 2398 corpore
1668 2312 2006 2378 immutari
2048 2313 2335 2379 hominis

211 2419 280 2469 36
317 2405 552 2467 natura
593 2402 903 2467 videatur.
1000 2400 1229 2486 Itaque
1283 2424 1321 2467 6
1366 2402 1690 2468 contrario
1741 2401 2059 2467 moderati
2107 2421 2335 2487 aequa·
2361 2426 2419 2469 2⁶

314 2490 607 2575 bilesque
677 2489 966 2574 habitus,
1039 2490 1414 2556 affectiones
1482 2512 1760 2575 ususque
1838 2489 2129 2575 corporis
2191 2490 2335 2575 apti

315 2601 458 2645 esse
506 2580 587 2643 ad
631 2583 933 2644 naturam
969 2577 1283 2643 videntur.
1352 2576 1494 2643 Iam
1530 2600 1685 2644 vero
1723 2578 1978 2643 animus
2016 2599 2149 2643 non
2194 2598 2334 2643 esse

316 2668 557 2751 solum,
609 2667 722 2731 sed
779 2666 977 2731 etiam
1031 2665 1367 2731 cuiusdam
1418 2666 1596 2731 modi
1655 2666 1847 2731 debet
1902 2688 2069 2750 esse,
2130 2669 2207 2731 ut
2269 2668 2339 2731 et

316 2759 527 2821 omnis
571 2758 781 2838 partis
827 2777 979 2821 suas
1035 2754 1276 2819 habeat
1330 2754 1672 2820 incolumis
1730 2757 1798 2818 et
1856 2754 1936 2819 de
1980 2754 2335 2819 virtutibus

313 2843 494 2907 nulla
531 2843 716 2907 desit.
777 2843 1048 2927 Atque
1029 2864 1101 2907 111
1137 2842 1435 2908 sensibus
1472 2845 1573 2908 est
1608 2864 1727 2907 6116
1763 2843 2071 2927 cuiusque
2107 2842 2415 2927 virtus,ao

313 2935 387 2996 ut
438 2951 521 2994 ne
574 2929 729 3015 quid
783 2930 1123 3016 impediat,
1159 2953 1304 3033 (1110
1350 2931 1565 2996 minus
1611 2952 1729 2996 suo
1776 2950 2004 2996 sensus
2064 2930 2336 3015 quisque

313 3039 578 3083 munere
640 3016 954 3103 fungatur
1013 3020 1081 3083 in
1151 3020 1234 3083 116
1297 3019 1491 3084 rebus
1556 3019 1852 3085 celeriter
1916 3018 2337 3103 expediteque

213 3120 295 3185 13
313 3105 768 3191 percipiendis,
832 3128 996 3192 (11166
1060 3107 1387 3173 subiectae
1457 3110 1611 3172 sunt
1674 3106 1991 3173 sensibus.
2106 3106 2337 3171 Animi

314 3197 532 3260 autem
575 3199 643 3260 et
689 3195 826 3260 eius
874 3196 1074 3259 animi
1119 3196 1353 3281 partis,
1414 3216 1578 3281 quae
1623 3195 1921 3280 princeps
1968 3198 2094 3280 est,
2141 3216 2335 3279 quae·

313 3304 435 3367 que
491 3304 673 3349 mens
729 3284 1132 3366 nominatur,
1187 3285 1409 3367 plures
1463 3287 1617 3348 sunt
1666 3283 1967 3367 virtutes,
2033 3282 2146 3347 sed
2204 3282 2333 3348 duo
2362 3308 2413 3349 35

311 3370 522 3454 prima
549 3391 813 3456 genera,
859 3390 1059 3434 unum
1103 3392 1351 3457 earum,
1400 3394 1563 3457 (11166
1600 3372 2069 3456 ingenerantur
2104 3374 2336 3454 suapte

311 3460 549 3524 natura
577 3458 1112 3543 appellanturque
1151 3479 1284 3524 non
1320 3460 1753 3544 voluntariae,
1788 3460 2068 3525 alterum
2113 3462 2337 3525 autem

2577 692 2587 732 1
