2609 3884
434 140 567 205 436
825 136 1427 195 TUSCULANARUM
1460 136 2069 193 DISPUTATIONUM

330 322 398 374 80
435 322 574 368 esse
619 300 873 385 possit?
970 299 1122 366 Non
1174 300 1378 385 igitur
1429 298 1622 365 facile
1669 298 1946 365 concedo
1996 318 2211 384 neque
2260 298 2472 365 Bruto

433 412 579 455 meo
623 411 832 474 neque
879 389 1326 453 communibus
1372 387 1709 472 magistris
1753 408 1873 453 nec
1929 388 2271 453 veteribus
2330 388 2475 471 illis,

432 478 801 562 Aristoteli,
858 475 1246 561 speusippe,
1299 474 1675 559 Xenocrati,
1732 475 2101 555 Polemoni,
2153 479 2271 561 ut,
2338 498 2477 541 cum

433 588 536 650 ea,
593 586 756 651 quae
804 586 1000 649 supra
1045 564 1440 648 enumeravi,
1498 564 1569 627 in
1613 563 1805 628 malis
1850 567 2228 648 numerent,
2280 564 2476 629 iidem

435 654 656 719 dicant
690 674 944 737 semper
979 653 1241 735 beatum
1280 673 1421 717 esse
1458 651 1835 735 sapientem.
1910 649 2088 728 Quos
2126 651 2189 717 si
2238 652 2505 718 tituluss

431 743 539 809 hic
594 742 873 808 delectat
925 740 1202 825 insignis
1257 744 1326 805 et
1367 739 1663 824 pulcher,
1719 738 2129 825 Pythagora,
2178 737 2475 825 Socrate,

429 829 705 896 Platone
767 829 1212 913 dignissimus,
1273 827 1580 893 inducant
1632 827 1923 892 animum
1975 828 2121 911 illa,
2190 850 2474 913 quorum
2528 844 2530 871 ¹

433 918 772 1002 splendore
801 917 1161 1000 capiuntur,
1185 916 1380 999 vireS,
1405 914 1860 999 valetudinem,
1885 915 2473 1001 pulchritudinem,

432 1005 713 1089 divitias,
747 1004 1047 1087 honores,
1085 1024 1240 1087 opes
1279 1006 1689 1068 contemnere
1724 1024 1944 1088 eaque,
1981 1025 2146 1087 quae
2172 1003 2301 1071 his
2334 1028 2470 1071 con·

431 1094 634 1159 traria
671 1100 846 1175 sunt,
881 1113 1000 1175 pro
1035 1091 1238 1156 nihilo
1276 1091 1532 1177 ducere3
1569 1094 1709 1156 tum
1744 1094 2056 1174 poterunt
2090 1092 2508 1158 clarissimam

429 1201 587 1245 voce
630 1179 924 1264 profiteri
968 1200 1037 1244 se
1079 1200 1291 1265 neque
1348 1180 1648 1245 fortunae
1702 1180 1952 1263 impetu
1996 1200 2115 1245 nec
2162 1182 2468 1247 multitu·

431 1267 601 1333 dinis
631 1266 934 1351 opinione
960 1287 1080 1332 nec
1107 1266 1330 1332 dolore
1356 1288 1476 1332 nec
1511 1270 1896 1351 paupertate
1922 1268 2173 1352 terreri,
2220 1272 2467 1335 omnia·

431 1377 556 1440 que
601 1354 731 1420 sibi
774 1355 846 1419 in
893 1376 1032 1420 sese
1074 1376 1214 1420 esse
1257 1356 1504 1439 posita,
1545 1375 1665 1420 nec
1701 1376 1842 1420 esse
1889 1354 2248 1440 quicquam
2296 1362 2467 1423 extra
2531 1410 2532 1441 2

324 1463 392 1512 81
432 1465 618 1509 suam
673 1446 1096 1527 potestatem,
1153 1443 1325 1527 quod
1387 1442 1628 1508 ducant
1687 1442 1760 1507 in
1818 1442 2030 1508 bonis.
2136 1442 2211 1509 N
2211 1466 2358 1512 unc
2418 1450 2468 1511 et

427 1532 589 1598 haec
633 1532 842 1617 loqui,
885 1553 1052 1616 quae
1090 1534 1241 1596 sunt
1275 1531 1503 1617 magni
1539 1530 1872 1597 cuiusdam
1917 1535 1983 1594 et
2030 1530 2152 1595 alti
2200 1533 2373 1619 viri,
2417 1538 2506 1598 etu

430 1620 682 1705 eadem,
726 1640 890 1704 quae
933 1619 1195 1704 vulguS,
1239 1619 1312 1684 in
1346 1619 1539 1684 malis
1577 1622 1645 1683 et
1685 1619 1877 1684 bonis
1924 1640 2288 1686 numerare
2332 1644 2465 1688 con·

429 1708 569 1773 cedi
622 1707 804 1773 nullo
857 1706 1052 1773 modo
1107 1709 1345 1791 potest.
1412 1705 1576 1784 Qua
1629 1706 1841 1793 gloria
1893 1711 2275 1774 commotus
2326 1710 2467 1795 Epi-

429 1817 621 1861 curus
657 1795 968 1878 exoritur;
1004 1795 1109 1860 cui
1145 1794 1371 1879 et'iam,
1408 1796 1466 1860 si
1501 1794 1602 1860 dis
1636 1796 1877 1879 placet,
1909 1795 2165 1860 videtur
2206 1818 2466 1883 semper

429 1883 687 1968 sapiens
741 1882 990 1947 beatus.
1083 1882 1211 1949 Hic
1255 1883 1579 1968 dignitate
1630 1882 1825 1948 huius
1872 1882 2247 1950 sententiae
2303 1887 2466 1971 capi·
2527 1898 2535 1984 ἦ

424 1975 558 2055 tur,
606 1971 718 2036 sed
751 1991 1105 2055 numquam
1141 1971 1209 2035 id
1247 1971 1513 2056 diceret,
1560 1971 1617 2036 si
1652 1971 1793 2055 ipse
1830 1992 1898 2037 se
1934 1972 2208 2037 audiret.
2307 1973 2505 2052 Quida

427 2063 528 2125 est
573 2059 772 2143 enim,
818 2058 989 2143 quod
1033 2059 1247 2124 minus
1295 2059 1662 2144 conveniat,
1707 2081 1903 2144 quam
1945 2063 2021 2125 ut
2063 2060 2150 2143 is,
2197 2064 2335 2147 qui
2378 2063 2464 2127 vel

428 2168 752 2212 summum
796 2147 901 2212 vel
947 2146 1158 2211 solum
1202 2148 1448 2213 malum
1503 2147 1792 2213 dolorem
1838 2168 1981 2213 esse
2024 2146 2239 2233 dicat,
2304 2150 2464 2215 idem

427 2237 688 2300 censeat
759 2232 998 2311 ‘Quam
1069 2233 1197 2300 hoc
1267 2257 1483 2307 suave
1534 2234 1691 2301 est?
1763 2238 1931 2318 tum,
2003 2255 2152 2300 cum
2241 2237 2463 2304 dolore

426 2322 772 2407 crucietur,
825 2321 1146 2387 dicturum
1201 2344 1344 2388 esse
1400 2322 1805 2407 sapientem?
1906 2322 2059 2390 Non
2111 2323 2343 2410 igitur
2398 2348 2463 2391 ex

427 2409 705 2495 singulis
739 2409 1003 2475 vocibus
1038 2410 1416 2495 philosophi
1450 2410 1784 2496 spectandi
1820 2414 1997 2497 sunt,
2050 2411 2163 2475 sed
2202 2434 2298 2480 ex
2332 2436 2461 2500 per·
2480 2438 2507 2477 s

423 2499 739 2581 petuitate
785 2501 978 2582 atque
1025 2500 1409 2565 constantia.

319 2590 399 2716 ἐξ
557 2622 640 2686 A.
694 2620 978 2685 Adducis
1034 2642 1166 2705 me,
1218 2624 1294 2687 ut
1342 2622 1467 2687 tibi
1512 2621 1857 2687 adsentiar.
1948 2620 2075 2687 Sed
2127 2626 2257 2689 tua
2317 2648 2459 2712 quo-

425 2730 547 2792 que
593 2708 738 2775 vide
784 2708 1311 2787 ne‚desideretur
1357 2710 1741 2777 constantia.

556 2836 648 2916 Μ.
696 2830 992 2908 Quonam
1043 2833 1282 2898 modo?

554 2936 637 3001 Α.
693 2936 862 3013 Quia
912 2938 1045 3022 legi
1099 2943 1284 3004 tuum
1338 2959 1545 3022 nuper
1589 2942 1893 3024 quartum
1937 2938 2015 3004 de
2058 2939 2345 3027 finibus;
2402 2943 2509 3014 inu

424 3044 499 3087 eo
546 3024 712 3088 mihi
756 3024 1057 3090 videbare
1104 3030 1332 3092 contra
1377 3023 1693 3093 Catonem
1744 3028 2064 3092 disserens
2112 3028 2247 3094 hoc
2300 3018 2495 3097 velle*

425 3111 785 3196 ostendere,
831 3112 1002 3194 quod
1038 3114 1200 3178 mihi
1237 3114 1496 3199 quidem
1532 3115 1875 3200 probatur,
1920 3116 2090 3180 inter
2124 3114 2460 3185 Zenonem

424 3202 490 3263 et
559 3198 1029 3282 Peripateticos
1100 3202 1266 3266 nihil
1335 3206 1594 3285 praeter
1662 3204 2007 3270 verborum
2090 3206 2461 3271 novitatem

422 3286 757 3351 interesse.
849 3286 1035 3362 Quod
1081 3290 1137 3353 si
1180 3290 1277 3353 ita
1322 3294 1449 3376 est,
1503 3291 1657 3376 quid
1703 3295 1805 3357 est
1850 3313 2109 3377 causae,
2166 3294 2367 3380 quin,
2413 3293 2461 3359 si

423 3371 703 3436 Zenonis
757 3374 997 3440 rationi
1053 3380 1559 3444 consentaneum
1614 3380 1702 3445 sit
1757 3380 1913 3446 satis
1965 3399 2283 3465 magnam
2334 3384 2463 3449 vim
2482 3402 2513 3445 ss

422 3457 493 3521 in
537 3458 778 3526 virtute
825 3483 963 3527 esse
1010 3462 1092 3527 ad
1145 3462 1336 3527 beate
1380 3467 1753 3546 vivendum,
1806 3468 2003 3533 liceat
2053 3468 2231 3534 idem
2278 3470 2461 3535 Peri-
