2609 3884
635 121 771 175 ΜΒ.
808 120 878 175 11.
936 119 1090 177 CAP.
1133 125 1373 179 15—17.
1429 127 1459 188 5
1495 127 1739 177 49—55.
2074 122 2202 186 143

127 325 135 333 -
183 282 602 366 voluptates?
690 279 823 347 Gur
866 282 1114 347 iustitia
1158 281 1505 347 laudatur?
1564 288 1678 348 aut
1726 284 1891 349 unde
1935 288 2035 349 est
2075 284 2201 350 hoc

185 371 536 435 contritum
589 373 910 435 vetustate
963 371 1407 455 proverbium:
1474 370 1812 455 ‘quicum
1856 373 1937 436 in
1989 376 2199 437 tene-

183 457 425 523 bris'?
523 457 668 523 Hoc
713 458 954 523 dictum
998 459 1068 524 in
1113 481 1244 523 una
1287 480 1356 523 re
1400 459 1714 524 latissime
1759 464 1969 544 patet,
2012 464 2089 525 ut
2130 461 2201 525 in

184 546 485 611 omnibus
539 546 730 611 factis
784 568 884 629 re,
933 568 1065 612 non
1118 550 1285 611 teste
1339 568 1728 612 moveamur.
1817 546 1983 613 Sunt
2026 549 2199 613 enim
2235 561 2305 612 58

134 662 160 702 5
184 634 355 700 levia
400 638 465 698 et
506 634 902 718 perinfirma,
948 656 1112 719 quae
1158 635 1535 699 dicebantur
1578 658 1618 699 a
1662 640 1757 720 te,
1805 637 2006 701 animi
2051 659 2199 703 con-

185 723 456 788 scientia
491 723 822 807 improbos
861 723 1228 805 excruciari,
1262 726 1405 787 tum
1442 724 1639 789 etiam
1673 745 1918 807 poenae
1948 724 2200 809 timore,

187 833 310 895 qua
365 813 480 875 aut
533 810 897 875 afficiantur
955 814 1070 875 aut
1123 833 1377 895 semper
1432 811 1565 876 sint
1612 810 1682 876 in
1741 815 1919 877 metu
1962 835 2046 877 ne
2107 814 2198 878 af·

181 900 484 964 ficiantur
548 898 911 984 aliquando,
1014 899 1078 964 N
1083 921 1167 964 on
1230 903 1491 983 oportet
1549 900 1850 965 timidum
1914 903 2029 965 aut
2080 902 2198 966 im-

182 987 414 1051 becillo
491 988 710 1053 animo
780 987 942 1072 fingi
1010 1009 1145 1053 non
1205 988 1451 1053 bonum
1511 987 1698 1052 illum
1760 988 1999 1072 virum,
2071 990 2199 1075 qui,

75 1072 158 1142 ἰο
185 1074 488 1160 quicquid
538 1075 786 1158 fecerit,
847 1076 986 1159 ipse
1051 1097 1120 1140 se
1176 1076 1417 1140 cruciet
1477 1077 1816 1160 omniaque
1875 1076 2201 1162 formidet,

182 1163 290 1227 sed
348 1163 572 1227 omnia
626 1126 851 1228 calli'de
906 1162 1292 1228 referentem
1352 1163 1431 1228 ad
1485 1164 1858 1249 utilitatem,
1922 1169 2199 1249 acutum,

181 1254 544 1335 versutum,
587 1254 1046 1330 veteratorem,
1090 1251 1284 1316 facile
1330 1256 1404 1316 ut
1440 1253 1787 1337 excogitet,
1832 1273 1959 1337 quo
2004 1254 2197 1319 modo

183 1341 459 1424 occulte,
513 1340 649 1404 sine
702 1343 892 1423 teste,
958 1340 1096 1405 sine
1148 1340 1289 1404 ullo
1345 1340 1601 1404 conscio
1655 1340 1862 1405 fallat.
1962 1341 2073 1406 An
2124 1345 2197 1406 tu
2235 1355 2305 1405 54

182 1450 281 1492 me
345 1427 425 1491 de
495 1426 566 1492 L.
637 1427 888 1493 Tubulo
959 1431 1152 1511 putas
1224 1425 1481 1491 dicere?
1554 1428 1665 1513 qui
1728 1450 1875 1493 cum
1937 1431 2200 1514 praetor

114 1543 158 1583 15
183 1516 624 1599 quaestionem
665 1515 838 1580 inter
875 1516 1136 1580 sicarios
1173 1516 1588 1601 exercuisset,
1631 1516 1727 1579 ita
1763 1520 1983 1601 aperte
2027 1518 2200 1618 cepit

181 1603 489 1687 pecunias
581 1604 664 1668 ob
752 1626 891 1668 rem
970 1604 1416 1688 iudicandam,
1495 1608 1570 1668 ut
1650 1625 1821 1669 anno
1900 1605 2197 1689 proximo

181 1692 249 1757 P.
311 1690 626 1757 Scaevola
687 1692 986 1756 tribunus
1047 1692 1256 1793 plebis
1319 1690 1518 1756 ferret
1581 1690 1662 1756 ad
1724 1692 2009 1776 plebem,
2070 1694 2198 1758 vel·

182 1780 398 1845 lentne
461 1780 540 1845 de
605 1802 681 1844 ea
741 1800 811 1843 re
873 1780 1114 1864 quaeri.
1223 1778 1365 1855 Quo
1428 1779 1770 1863 plebiscito
1840 1779 2097 1845 decreta
2160 1803 2200 1846 a

187 1872 409 1934 senatu
457 1872 558 1933 est
603 1868 855 1933 consuli
899 1868 1190 1951 quaestio
1228 1866 1345 1934 On.
1381 1865 1722 1951 Caepioni3
1766 1867 2092 1951 profectus
2129 1869 2200 1935 in

117 1985 162 2023 20
186 1958 480 2021 exsilium
532 1955 820 2021 Tubulus
875 1956 1098 2021 statim
1154 1977 1274 2021 nec
1335 1956 1719 2039 respondere
1776 1978 1997 2040 ausus;
2060 1962 2200 2021 erat

189 2045 352 2109 enim
397 2065 504 2109 res
551 2048 793 2127 aperta.

309 2131 465 2198 Non
525 2132 728 2216 igitur
790 2132 868 2196 de
929 2132 1254 2216 improb0,
1320 2131 1432 2197 sed
1482 2132 1554 2197 de
1607 2132 1839 2197 callido
1899 2132 1991 2197 im
1992 2133 2196 2217 probo
2220 2133 2302 2199 17

188 2221 576 2305 quaerimuS,
621 2220 829 2305 qualis
876 2219 948 2296 Q.
992 2220 1342 2304 Pompeius
1387 2219 1458 2285 in
1501 2219 1759 2285 foedere
1795 2219 2196 2288 Numantino

186 2309 520 2373 infitiando
571 2308 723 2391 fuit,
775 2330 893 2373 nec
947 2330 1096 2374 vero
1144 2308 1363 2373 omnia
1406 2304 1705 2393 timente,
1764 2308 1873 2373 sed
1917 2309 2199 2393 primum

119 2423 164 2463 25
188 2398 292 2480 qui
337 2397 542 2461 animi
587 2396 1046 2461 conscientiam
1087 2418 1218 2461 non
1263 2400 1467 2479 curet,
1512 2418 1706 2481 quam
1743 2397 1992 2462 scilicet
2026 2419 2198 2463 com-

186 2486 460 2567 primere
512 2484 678 2549 nihil
734 2489 834 2549 est
883 2485 1148 2569 negotii.
1245 2482 1313 2548 Is
1368 2485 1565 2569 enim,
1622 2486 1733 2569 qui
1787 2486 2074 2551 occultus
2134 2489 2201 2551 et

185 2577 386 2638 tectus
454 2572 714 2656 dicitur,
776 2575 1032 2637 tantum
1088 2573 1272 2637 abest
1322 2575 1398 2637 ut
1452 2594 1519 2637 se
1581 2572 1847 2657 indicet,
1908 2572 2201 2656 perficiet

187 2661 375 2725 etiam
389 2711 407 2745 ,
479 2665 554 2726 ut
613 2660 838 2726 -dolere
917 2660 1184 2725 alterius
1263 2661 1563 2744 improbo
1635 2660 1811 2726 facto
1884 2660 2198 2725 videatur.

189 2747 349 2824 Quid
414 2751 515 2815 est
579 2749 748 2813 enim
813 2748 985 2813 aliud
1057 2771 1195 2814 esse
1269 2746 1643 2813 versutum?
1757 2746 2023 2813 Memim'
2093 2771 2197 2814 me
2234 2776 2304 2827 55

119 2862 165 2901 κο
189 2837 406 2902 adesse
458 2836 528 2901 P.
584 2834 854 2902 Sextilio
906 2837 1104 2920 Rufo,
1165 2858 1310 2901 cum
1363 2838 1419 2901 is
1473 2858 1611 2901 rem
1666 2836 1748 2900 ad
1803 2836 2045 2902 amicos
2102 2838 2200 2901 ita

190 2923 486 3008 deferret,
537 2946 608 2989 se
662 2946 802 2989 esse
853 2924 1155 2990 heredem
1211 2924 1285 3001 Q.
1342 2923 1546 2990 Fadio
1605 2923 1819 3009 Galle,
1883 2924 2063 2989 cuius
2130 2926 2201 2991 in

187 3015 566 3078 testamento
641 3013 955 3097 scriptum
1023 3016 1195 3077 esset
1270 3034 1339 3077 se
1418 3012 1499 3076 ab
1573 3034 1649 3077 eo
1720 3017 2055 3098 rogatum,
2124 3017 2201 3077 ut

191 3102 396 3166 omnis
457 3100 780 3165 hereditas
845 3101 925 3165 ad
988 3101 1194 3165 filiam
1256 3100 1634 3183 perveniret.
1740 3099 1817 3165 Id
1889 3099 2197 3166 Sextilius

189 3187 425 3253 factum
476 3189 777 3274 negabat.
874 3188 1141 3254 Poterat
1195 3193 1411 3253 autem
1463 3188 1753 3272 impune3
1815 3188 1960 3273 quis
2026 3189 2199 3253 enim

122 3300 166 3340 35
189 3275 638 3362 redargueret?
736 3274 945 3341 Nemo
999 3281 1299 3343 nostrum
1354 3276 1682 3361 credebat,
1737 3279 1998 3361 eratque
2060 3275 2199 3341 veri
2328 3339 2333 3345 .

192 3365 460 3430 similius
513 3365 686 3430 hunc
738 3365 1023 3448 mentiri,
1080 3365 1260 3429 cuius
1315 3364 1683 3447 interesset,
1736 3386 1931 3447 quam
1993 3364 2201 3444 illum,

190 3452 298 3536 qui
347 3453 413 3518 id
467 3475 536 3519 se
588 3472 854 3537 rogasse
910 3454 1298 3537 scripsisset,
1353 3453 1526 3537 quod
1580 3452 1907 3517 debuisset
1947 3471 2199 3534 rogare.

2062 3780 2101 3803 fi
