2609 3884
603 180 740 237 LIB.
777 180 872 235 III.
930 178 1084 236 CAP.
1130 183 1373 235 16—18.
1428 182 1459 245 S
1494 182 1739 234 34-39,
2053 179 2180 243 371

162 342 404 427 facere,
457 342 562 407 cui
615 342 956 407 minimum
1013 362 1152 407 esse
1205 340 1463 407 videtur
1514 341 1584 406 in
1635 340 1759 405 hac
1804 362 2001 406 causa
2041 342 2187 425 loci,

167 452 332 515 quae
375 434 600 495 tamen
641 431 738 495 ita
783 430 952 495 dicet
997 430 1335 514 dupliciter
1372 450 1511 495 esse
1556 432 1622 493 te
1658 429 1993 513 iniustum,
2038 452 2185 495 cum

166 521 231 583 et
291 517 575 583 alienum
631 518 925 603 adpetaS,
980 518 1091 603 qui
1143 516 1437 582 mortalis
1490 520 1684 582 natus
1740 517 2185 583 condicionem

163 605 456 690 postules
500 605 948 672 inmortalium
994 609 1061 671 et
1104 606 1388 691 graviter
1430 604 1603 670 feras
1648 608 1741 690 te,
1787 605 1958 689 quod
2002 610 2185 671 uten-

108 719 138 760 5
167 694 321 758 dum
376 696 728 781 acceperis,
780 693 1151 759 reddidisse.
1247 692 1638 759 Prudentiae
1682 713 1837 758 vero
1892 693 2046 779 quid
2090 714 2185 758 re·
2223 704 2291 755 37

168 781 513 866 spondebis
560 781 812 847 docenti
866 782 1174 847 virtutem
1229 802 1370 847 sese
1419 802 1557 846 esse
1611 783 2007 867 contentam,
2061 803 2188 866 quo

30 934 32 939 ,
167 870 359 935 modo
408 869 491 935 ad
533 870 696 935 bene
742 869 1116 953 vivendum,
1172 868 1265 934 sic
1312 868 1510 935 etiam
1557 868 1638 934 ad
1691 869 1921 935 beate?
2014 869 2188 947 Quae

30 1022 32 1025 ,
167 958 223 1021 si
271 958 666 1023 extrinsecus
710 958 990 1043 religata
1033 957 1317 1041 pendeat
1361 960 1427 1021 et
1468 978 1604 1022 non
1647 958 1714 1021 et
1759 957 2007 1023 oriatur
2043 980 2082 1022 a
2119 978 2187 1023 se

30 1092 32 1115 ς
165 1049 232 1110 et
292 1067 514 1111 rursus
581 1045 662 1110 ad
726 1066 796 1111 se
858 1049 1220 1111 revertatur
1275 1049 1342 1111 et
1397 1045 1619 1110 omnia
1673 1066 1792 1110 sua
1851 1046 2190 1129 complexa

30 1168 32 1207 ÷
83 1160 136 1199 ιο
161 1133 328 1198 nihil
384 1136 654 1217 quaerat
707 1133 990 1215 aliunde,
1043 1151 1176 1198 non
1227 1132 1568 1217 intellego,
1630 1153 1743 1197 cur
1796 1136 1909 1198 aut
1972 1135 2186 1199 verbis

28 1254 33 1295 1
162 1224 303 1285 tam
346 1220 758 1286 'vehementer
813 1221 1102 1287 ornanda
1155 1223 1270 1286 aut
1323 1242 1394 1286 re
1437 1223 1781 1305 tantopere
1832 1223 2189 1305 expetenda

30 1344 34 1383 5
163 1307 500 1373 videatur?
610 1308 715 1373 Ad
779 1308 940 1375 haec
1000 1309 1174 1374 bona
1240 1330 1345 1373 me
1411 1310 1467 1373 si
1528 1328 1821 1394 revocas,
1890 1310 2187 1395 Epicure,

28 1432 33 1473 Ι
163 1416 391 1481 pareo,
455 1416 718 1482 sequor,
788 1400 942 1462 utor
1000 1400 1068 1461 te
1129 1396 1272 1481 ipso
1338 1395 1523 1481 duce,
1587 1396 1933 1463 obliviscor
1990 1398 2188 1463 etiam

30 1520 34 1561 Ι
164 1484 513 1569 malorum,
575 1488 650 1548 ut
711 1484 920 1564 iubes,
987 1504 1188 1568 eoque
1251 1484 1535 1565 faciliuS,
1599 1484 1772 1570 quod
1838 1506 1914 1555 ea
1974 1507 2057 1551 ne
2118 1486 2187 1550 in
2249 1557 2271 1571 χ

30 1612 32 1651 :
80 1597 135 1639 15
164 1572 356 1637 malis
432 1572 687 1657 quidem
757 1572 1056 1657 ponenda
1117 1593 1366 1638 censeo.
1474 1570 1599 1637 Sed
1660 1571 1946 1637 traducis
2012 1572 2186 1657 cogi-

30 1700 32 1737 5
161 1659 451 1725 tationes
497 1682 678 1726 meas
725 1661 806 1725 ad
850 1661 1238 1745 voluptates.
1330 1659 1549 1737 Quas?
1596 1658 1932 1743 Corporis,
1982 1660 2189 1745 cred0,

30 1768 32 1828 ᾗ
165 1750 280 1812 aut
350 1769 513 1831 quae
583 1752 849 1833 propter
919 1769 1152 1833 corpus
1222 1749 1329 1813 vel
1397 1748 1843 1814 recordatione
1903 1747 2007 1812 vel
2073 1768 2189 1832 spe

30 1878 33 1913 ἱ
165 1836 549 1921 cogitentur.
647 1834 823 1902 Num
876 1836 1029 1922 quid
1076 1839 1176 1901 est
1219 1835 1397 1902 aliud
1411 1836 1442 1900 ?
1501 1830 1756 1901 rectene
1799 1835 2190 1919 interpretor

28 1966 33 1977 ·
164 1925 558 1989 sententiam
621 1925 847 1990 tuam?
953 1922 1180 1989 Solent
1235 1924 1406 1989 enim
1468 1923 1579 1988 isti
1629 1943 1867 2007 negare
1919 1944 2039 1989 nos
2094 1923 2188 1988 in-

28 2054 35 2095 1
81 2037 139 2077 no
163 2011 500 2096 tellegere‚
546 2011 699 2096 quid
743 2012 917 2077 dicat
959 2011 1302 2097 Epicurus.
1380 2009 1524 2077 Hoc
1570 2009 1753 2095 dicit,
1800 2012 1867 2075 et
1908 2010 2034 2077 hoc
2077 2011 2187 2077 ille
2223 2031 2295 2082 38

28 2144 33 2185 ἶ
168 2097 483 2163 acriculus
539 2120 642 2163 me
698 2100 996 2165 audiente
1058 2098 1339 2165 Athenis
1408 2119 1601 2163 senex
1655 2061 1823 2163 Zeno
1834 2148 1854 2183 ,
1916 2098 2191 2165 istorum

30 2232 34 2271 2
167 2186 611 2271 acutissimus,
655 2187 1039 2252 contendere
1081 2190 1147 2252 et
1181 2208 1422 2273 magna
1465 2207 1621 2253 voce
1666 2185 1876 2251 dicere
1920 2187 2192 2273 solebat,

28 2320 34 2361 ι
168 2293 318 2339 eum
354 2294 494 2339 esse
530 2274 812 2359 beatum,
848 2275 959 2360 qui
992 2276 1445 2359 praesentibus
1471 2274 1922 2359 voluptatibus
1949 2274 2190 2341 fruere-

28 2410 35 2451 ,
165 2365 276 2427 tur
339 2362 812 2447 confideretque
876 2384 945 2427 se
1007 2362 1357 2428 fruiturum
1422 2366 1535 2428 aut
1586 2362 1658 2427 in
1712 2363 1889 2428 omni
1944 2365 2058 2428 aut
2120 2364 2192 2428 in

81 2475 136 2517 25
166 2470 409 2535 magna
466 2453 652 2535 parte
709 2449 883 2515 vitae
942 2449 1163 2516 dolore
1220 2472 1355 2516 non
1411 2450 1875 2516 interveniente
1936 2454 2073 2535 aut,
2133 2452 2191 2516 si

165 2538 614 2623 interveniret,
679 2538 737 2603 si
791 2559 1080 2603 summus
1132 2537 1328 2623 foret,
1388 2538 1677 2605 futurum
1739 2538 2026 2621 brevem,
2090 2538 2193 2604 sin

164 2625 565 2710 productior,
623 2626 771 2709 plus
816 2625 1196 2709 habiturum
1239 2625 1504 2692 iucundi
1549 2647 1744 2712 quam
1789 2625 1973 2711 mali3
2026 2624 2190 2692 haec

28 2764 34 2803 5
167 2713 566 2799 cogitantem
618 2714 759 2779 fore
812 2714 1102 2799 beatum,
1155 2714 1540 2799 praesertim
1597 2716 1657 2781 si
1714 2714 1781 2778 et
1840 2716 1989 2777 ante
2047 2734 2189 2798 per-

167 2801 371 2887 ceptis
425 2802 618 2868 bonis
673 2805 1012 2869 contentus
1059 2806 1230 2868 esset
1281 2808 1341 2868 et
1385 2823 1508 2868 nec
1554 2805 1831 2868 mortem
1872 2822 1993 2867 nec
2036 2803 2189 2868 deos

28 2942 33 2963 ς
83 2915 139 2956 so
168 2889 632 2956 extimesceret.
746 2889 968 2956 Habes
1039 2890 1321 2956 formam
1390 2889 1661 2975 Epicuri
1730 2889 1899 2955 vitae
1962 2890 2191 2956 beatae

164 2978 383 3043 verbis
428 2977 706 3044 Zenonis
754 3000 1150 3063 expressam,
1192 2978 1360 3044 nihil
1404 2983 1479 3043 ut
1520 2977 1735 3063 possit
1776 2978 2293 3093 negari,18

30 3144 32 3159 Ι
301 3064 467 3141 Quid
522 3065 723 3152 ergo?
775 3066 1049 3133 huiusne
1101 3068 1274 3132 vitae
1330 3066 1695 3151 propositio
1750 3067 1818 3130 et
1876 3065 2187 3151 cogitatio
2226 3105 2293 3155 39

30 3210 32 3245 ;
167 3158 281 3219 aut
317 3152 670 3238 Thyestem
705 3154 920 3221 levare
956 3154 1198 3238 poterit
1233 3157 1349 3219 aut
1383 3153 1676 3238 Aeetam,
1713 3150 1793 3219 de
1830 3175 1957 3239 quo
1993 3155 2189 3238 paulo

30 3294 32 3315 μ
167 3244 318 3306 ante
373 3240 533 3326 dixi,
590 3245 703 3306 aut
754 3242 1173 3307 Telamonem
1225 3241 1486 3324 pulsum
1546 3241 1765 3325 patria
1824 3241 2190 3307 exulantem

30 3326 32 3405 ζ
83 3354 136 3397 ⁸5
167 3334 360 3414 atque
409 3328 748 3415 egentem?
791 3330 860 3393 in
906 3350 1032 3412 quo
1078 3329 1238 3394 haec
1285 3328 1628 3396 admiratio
1674 3330 1902 3395 fiebat.

297 3415 576 3485 Hicine
625 3420 741 3481 est
783 3417 917 3481 ille
963 3415 1360 3502 Telamon,
1405 3417 1627 3483 modo
1674 3439 1887 3503 quem
1933 3416 2189 3503 gl6ria

1219 3505 1313 3571 ad
1359 3505 1652 3570 caelum
1700 3505 2010 3589 extulit,

1746 3606 1855 3662 24*
