2609 3884
359 1352 427 1401 81

462 118 595 185 402
857 117 1453 175 TUSCULANARUM
1488 116 2093 173 DISPUTATIONUM

464 302 624 347 esse.
703 279 919 365 Atque
963 283 1040 346 ut
1081 281 1151 347 in
1196 280 1387 345 malis
1436 279 1706 364 attingit
1749 278 1948 343 animi
1990 280 2319 342 naturam
2372 299 2521 343 cor-

461 369 640 453 poris
687 368 1072 452 similitudo,
1115 368 1210 433 sic
1253 369 1325 433 in
1369 368 1576 433 bonis.
1668 364 1833 432 Sunt
1878 366 2049 431 enim
2098 366 2171 431 in
2218 387 2521 449 corpore

461 457 834 541 praecipua,
887 456 1219 538 valetudo,
1271 456 1472 539 vires,
1524 453 1967 538 pulchritudo,
2017 454 2343 536 firmitas,
2408 476 2519 517 ve-

464 544 722 625 locitas,
777 548 928 610 sunt
979 545 1136 609 item
1193 544 1263 607 in
1310 544 1545 608 animo.
1644 541 1728 609 Ut
1771 542 1944 607 enim
1990 542 2291 625 corporis
2344 544 2519 605 tem·

464 633 746 718 peratio,
805 654 952 697 cum
1005 653 1082 696 ea
1137 633 1506 716 congruunt
1557 630 1729 695 inter
1790 650 1887 712 se,
1951 650 1986 693 e
2041 630 2287 714 quibus
2362 650 2541 695 con-2

465 724 745 805 stamuS,
790 719 1126 803 sanitaS,
1161 718 1255 784 sic
1299 717 1501 783 animi
1556 717 1815 800 dicitur,
1869 737 2016 782 cum
2062 716 2203 781 eius
2250 716 2514 781 iudicia

466 809 929 893 opinionesque
966 806 1376 888 concordant,
1413 826 1613 889 eaque
1648 804 1850 869 animi
1884 808 1987 871 est
2020 804 2255 888 virtus,
2298 826 2511 889 quam

466 896 582 962 alii
616 896 826 979 ipsam
861 894 1363 978 temperantiam
1398 893 1621 957 dicunt
1660 914 1829 976 esse,
1874 892 1990 957 alii
2035 892 2509 976 obtemperan-

463 987 598 1047 tem
660 981 1129 1066 temperantiae
1188 981 1585 1065 praeceptis,
1648 983 1717 1045 et
1777 1002 1922 1046 eam
1966 980 2511 1064 -subsequentem

462 1092 582 1136 nec
614 1069 962 1135 habentem
997 1068 1201 1133 ullam
1237 1068 1517 1151 speciem
1552 1090 1767 1152 suam,
1812 1067 1953 1152 sed,
1997 1068 2133 1133 sive
2172 1068 2317 1133 hoc
2372 1070 2543 1135 siven

463 1157 625 1222 illud
678 1158 792 1240 sit,
840 1157 911 1221 in
955 1155 1094 1221 solo
1141 1177 1280 1221 esse
1327 1157 1632 1240 sapiente.
1719 1155 1846 1221 Est
1899 1159 2116 1221 autem
2162 1158 2507 1240 quaedam

467 1244 666 1309 animi
711 1245 986 1326 sanitas,
1047 1266 1207 1329 quae
1250 1244 1322 1309 in
1365 1244 1777 1329 insipientem
1822 1244 2017 1308 etiam
2062 1243 2290 1327 cadat,
2358 1267 2507 1310 cum

466 1333 796 1397 curatione
840 1331 1232 1397 medicorum
1277 1332 1688 1396 conturbatio
1730 1332 1969 1396 mentis
2014 1330 2343 1397 aufertur.
2424 1334 2507 1397 Et

464 1424 540 1485 ut
575 1420 862 1504 corporis
900 1424 1000 1485 est
1042 1420 1355 1505 quaedam
1400 1423 1556 1503 apta
1599 1420 1811 1505 figura
1853 1419 2303 1484 membrorum
2360 1443 2503 1485 cum

465 1508 703 1573 coloris
758 1508 1036 1593 quadam
1090 1508 1439 1590 suavitate,
1495 1528 1696 1591 eaque
1752 1506 1988 1572 dicitur
2046 1506 2501 1591 pulchritud0‚
2520 1530 2543 1571 ιε

466 1596 559 1661 sic
602 1596 673 1660 in
717 1595 936 1660 animo
978 1595 1355 1679 opinionum
1398 1595 1905 1680 iudiciorumque
1942 1594 2396 1678 aequabilitas
2444 1602 2501 1660 et

464 1684 832 1749 constantia
867 1704 1016 1749 cum
1049 1682 1361 1747 firmitate
1388 1682 1667 1766 quadam
1694 1684 1762 1747 et
1788 1682 2143 1746 stabilitate
2170 1683 2497 1749 virtutem

465 1772 862 1855 subsequens
899 1775 1014 1835 aut
1045 1770 1306 1834 virtutis
1342 1770 1479 1835 vim
1512 1770 1727 1853 ipsam
1764 1769 2100 1835 continens
2135 1770 2495 1852 pulchri-

463 1857 647 1923 tudo
692 1862 977 1924 vocatur.
1079 1856 1371 1942 Itemque
1414 1857 1660 1923 viribus
1706 1857 1994 1941 corporis
2042 1860 2107 1920 et
2148 1858 2387 1923 nervis
2436 1864 2495 1924 et

465 1946 835 2011 efficacitati
863 1946 1106 2011 similes
1135 1945 1459 2011 similibus
1488 1966 1740 2030 quoque
1767 1945 1980 2010 verbis
2008 1944 2249 2010 animi
2278 1948 2491 2012 vires
2511 1971 2541 2010 a

462 2034 902 2099 nominantur.
1026 2032 1362 2098 Velocitas
1446 2037 1662 2097 autem
1737 2032 2027 2115 corporis
2108 2033 2490 2099 celeritas

466 2120 858 2205 appellatur,
915 2141 1079 2204 quae
1143 2120 1368 2185 eadem
1430 2120 1679 2203 ingenii
1741 2120 1940 2185 etiam
2001 2120 2144 2184 laus
2201 2119 2490 2188 habetur

463 2212 734 2292 propter
785 2207 988 2272 animi
1049 2208 1403 2271 multarum
1464 2228 1681 2272 rerum
1745 2207 1923 2272 brevi
1983 2208 2283 2291 tempore
2349 2232 2486 2293 per-

361 2300 450 2363 14
468 2295 848 2360 cursionem.
959 2294 1135 2359 Illud
1198 2296 1560 2360 animorum
1622 2316 2087 2380 corporumque
2147 2294 2485 2379 dissimile,

465 2382 637 2468 quod
700 2382 901 2447 animi
970 2382 1255 2447 valentes
1319 2383 1545 2448 morbo
1608 2383 1919 2466 temptari
1992 2402 2123 2447 non
2184 2390 2483 2466 possunt,
2502 2406 2533 2447 ιε

465 2491 735 2554 corpora
777 2474 1077 2555 possunt3
1124 2470 1235 2534 sed
1280 2491 1621 2553 corporum
1668 2470 2053 2535 offensiones
2101 2469 2244 2534 sine
2292 2473 2483 2555 culpa

465 2558 749 2624 accidere
794 2560 1093 2642 possunt,
1139 2557 1501 2622 animorum
1536 2578 1671 2623 non
1705 2558 1892 2641 item,
1936 2578 2209 2642 quorum
2258 2580 2481 2624 omnes

464 2646 678 2711 morbi
724 2647 791 2711 et
831 2644 1350 2729 perturbationes
1395 2666 1474 2709 ex
1520 2645 1970 2728 aspernatione
2014 2645 2291 2711 rationis
2340 2669 2479 2712 eve-

462 2734 683 2814 niunt3
719 2733 940 2817 itaque
966 2732 1036 2795 in
1060 2730 1433 2797 hominibus
1460 2733 1671 2796 solum
1699 2732 2009 2815 existunt3
2042 2754 2197 2798 nam
2228 2733 2479 2799 bestiae

466 2819 676 2884 simile
725 2820 1026 2904 quiddam
1069 2818 1343 2902 faciunt,
1388 2820 1499 2883 sed
1542 2820 1611 2883 in
1649 2820 2165 2903 perturbationes
2200 2842 2337 2886 non
2386 2823 2475 2887 in-
2498 2846 2534 2886 ω

466 2906 706 2970 cidunt.
807 2906 988 2972 Inter
1031 2911 1252 2972 acutos
1296 2910 1511 2971 autem
1557 2911 1623 2971 et
1664 2907 1835 2971 inter
1876 2907 2140 2972 hebetes
2186 2908 2476 2991 interest,

465 2992 637 3076 quod
689 2992 1039 3078 ingeniosi,
1091 2997 1166 3058 ut
1210 3015 1318 3058 aes
1364 2991 1770 3059 Corinthium
1813 2995 1884 3059 in
1930 2994 2328 3080 aeruginem,
2388 2998 2475 3061 sic

463 3080 561 3143 illi
603 3080 672 3142 in
708 3080 1009 3144 morbum
1045 3084 1113 3144 et
1156 3081 1453 3145 incidunt
1485 3082 1731 3147 tardius
1769 3085 1835 3145 et
1872 3085 2241 3147 recreantur
2279 3085 2473 3169 ocius,

461 3165 727 3231 hebetes
779 3187 916 3231 non
967 3168 1141 3233 item.
1237 3168 1377 3233 Nec
1430 3190 1583 3234 vero
1636 3170 1708 3233 in
1751 3190 2007 3235 omnem
2055 3170 2355 3235 morbum
2403 3194 2472 3236 ac

463 3253 1020 3336 perturbationem
1079 3254 1331 3320 animus
1384 3255 1708 3341 ingeniosi
1762 3257 1959 3342 cadit;
2019 3258 2063 3338 †
2115 3279 2247 3324 non
2301 3260 2469 3323 enim
2490 3282 2529 3323 εὖ

463 3340 672 3403 multa
724 3339 1008 3405 ecferata
1060 3344 1125 3406 et
1176 3341 1489 3427 inmania3
1544 3343 1857 3428 quaedam
1912 3348 2130 3410 autem
2176 3344 2467 3411 humani·

463 3427 622 3490 tatis
659 3447 909 3511 quoque
957 3426 1198 3492 habent
1239 3429 1519 3511 primam
1556 3432 1861 3516 speciem,
1906 3436 1981 3496 ut
2015 3433 2467 3509 misericordia,
