2609 3884
698 204 835 259 ΜΒ.
872 204 966 258 111.
1034 203 1184 261 cAP.
1225 209 1471 259 25—27.
1526 209 1557 272 ς
1593 208 1839 262 59—65.
2136 204 2255 269 381

239 387 464 452 regem
519 365 590 430 in
643 365 821 432 luctu
875 366 1184 451 capillum
1239 366 1365 431 sibi
1410 365 1713 449 evellere,
1769 366 1950 451 quasi
2003 365 2267 433 calvitio

241 475 502 520 maeror
545 454 884 520 levaretur.
990 452 1116 519 Sed
1159 453 1322 518 haec
1369 454 1587 519 omnia
1630 453 1881 519 faciunt
1926 454 2266 538 opinantes
2304 472 2371 523 68

238 542 340 607 ita
407 542 549 606 fieri
621 545 940 625 oportere.
1054 540 1282 625 Itaque
1356 545 1423 607 et
1482 540 1839 607 Aeschines
1902 542 1974 607 in
2032 541 2269 608 Demo-

243 630 540 695 sthenem
600 630 954 714 invehitur,
1021 630 1191 715 quod
1252 628 1312 696 is
1378 630 1655 713 septimo
1719 629 1821 694 die
1882 633 2034 713 post
2096 630 2270 695 filiae

187 741 215 783 s
244 721 520 783 mortem
586 717 839 783 hostias
907 716 1397 783 immolavisset.
1480 717 1597 781 -At
1667 738 1859 802 quam
1931 716 2270 803 rhetorice,

244 828 443 891 quam
507 804 794 890 copiose,
857 827 1016 891 quas
1081 806 1441 871 sententias
1506 804 1781 890 colligit,
1844 826 2009 890 quae
2071 806 2272 871 verba

245 895 658 978 contorquet!
704 896 780 958 ut
821 893 1017 958 licere
1065 892 1320 979 quidvis
1360 892 1608 957 rhetori
1652 892 2019 977 intellegas.
2092 892 2269 971 Quae

241 1002 434 1047 nemo
489 981 827 1066 probaret,
880 981 1009 1046 nisi
1061 981 1333 1046 insitum
1386 979 1549 1045 illud
1601 981 1671 1045 in
1716 981 1950 1046 animis
1999 980 2270 1046 habere-

243 1090 417 1154 mus,
472 1070 683 1135 omnis
737 1069 944 1135 bonos
999 1068 1271 1134 interitu
1326 1089 1592 1135 suorum
1648 1090 1843 1153 quam
1888 1070 2270 1155 gravissime

28 1164 44 1205 ²·
159 1182 214 1222 ιο
243 1178 528 1223 maerere
592 1159 910 1241 oportere.
1007 1156 1111 1223 Ex
1170 1156 1296 1222 hoc
1352 1157 1591 1237 evenit,
1644 1160 1721 1221 ut
1772 1158 1843 1222 in
1899 1155 2100 1222 animi
2160 1158 2270 1222 do-

28 1254 37 1295 l

28 3204 41 3251 ἓ
28 3007 42 3163 u*.m
28 2938 41 2985 a
28 2849 42 2897 ”v
28 2764 42 2807 ἡ
28 2672 42 2719 u
28 2586 43 2631 'n
28 2496 43 2543 ᾌ
28 2386 43 2451 ,θ’-
28 2304 43 2363 n'
28 2212 43 2277 m*
30 2142 44 2185 ’F
30 2050 44 2097 m
28 1944 42 2009 W..
28 1874 43 1920 Ρ...
28 1787 41 1829 q*
28 1696 41 1741 w
28 1590 42 1651 '5³⁸0‘
28 1519 41 1563 ἀἱ
28 1430 40 1473 Ι“’“Ι
28 1342 39 1385 ΗΞ

28 3534 38 3581 =-—
28 3414 40 3464 ,F-

243 1245 495 1310 loribus
560 1245 674 1311 alii
737 1244 1119 1311 solitudines
1175 1248 1467 1330 captent,
1530 1248 1606 1310 ut
1661 1244 1754 1311 ait
1805 1244 2129 1311 Homerus
2191 1244 2269 1309 de

242 1331 748 1417 Bellerophonte
763 1356 780 1398 z

336 1471 482 1549 Qui
525 1472 760 1537 miser
810 1472 892 1537 in
947 1473 1234 1557 campis
1281 1493 1629 1539 maerens
1685 1474 1999 1539 errabat
2054 1472 2269 1539 Aleis

331 1559 509 1644 Ipse
533 1581 746 1627 suum
771 1582 901 1626 cor
930 1562 1184 1641 edens,
1210 1560 1601 1628 hominum
1623 1561 1965 1646 vestigia
1992 1560 2270 1627 vitane.

164 1750 219 1792 ιε
244 1726 336 1793 Et
396 1725 616 1793 Nioba
667 1727 935 1812 fingitur
991 1726 1250 1810 lapidea
1306 1729 1575 1812 propter
1638 1731 1999 1813 aeternum,
2062 1729 2270 1813 crede,

243 1816 315 1880 in
366 1814 546 1881 luctu
600 1815 946 1881 silentium.
1045 1812 1383 1880 Hecubam
1438 1818 1656 1880 autem
1708 1819 1947 1899 putant
2005 1820 2272 1900 propter

246 1903 448 1968 animi
492 1903 917 1969 acerbitatem
963 1904 1290 1988 quandam
1326 1906 1394 1967 et
1433 1901 1681 1968 rabiem
1726 1904 1887 1989 fingi
1932 1904 2001 1968 in
2046 1920 2270 1969 canem

247 2012 389 2057 esse
431 2012 828 2057 conversam.
913 1989 1082 2057 Sunt
1124 1994 1343 2056 autem
1390 1991 1530 2074 alii,
1576 2011 1737 2074 quos
1781 1993 1853 2056 in
1897 1992 2079 2057 luctu
2122 2013 2271 2058 cum

247 2078 392 2161 ipsa
463 2078 814 2145 solitudine
883 2079 1067 2164 loqui
1137 2098 1332 2162 saepe
1402 2076 1713 2163 delectat,
1781 2082 1858 2145 ut
1918 2079 2035 2145 illa
2098 2079 2270 2164 apud

169 2191 222 2232 κο
248 2164 532 2230 Ennium
584 2167 834 2231 nutrix:

277 2312 292 2327 '
337 2304 633 2391 Cupido
681 2307 886 2390 cepit
930 2304 1289 2373 miseram
1332 2328 1532 2372 nunc
1574 2327 1688 2371 me
1732 2308 2096 2393 proloqui

339 2391 574 2461 Caelo
621 2396 848 2479 atque
893 2396 1145 2460 terrae
1189 2394 1488 2460 Medeai
1532 2391 1906 2461 miserias.

247 2561 430 2627 Haec
493 2562 714 2629 omnia
771 2564 974 2647 recta,
1027 2582 1206 2645 vera,
1260 2560 1482 2626 debita
1532 2563 1839 2645 putantes
1894 2559 2143 2627 faciunt
2198 2560 2271 2626 in
2289 2532 2377 2661 Ξῖ

250 2649 497 2735 dolore,
540 2650 944 2735 maximeque
991 2648 1352 2715 declaratur
1394 2648 1519 2715 hoc
1556 2649 1745 2734 quasi
1790 2647 1986 2713 officii
2030 2648 2269 2715 iudicio

172 2762 224 2805 85
247 2738 415 2823 fieri,
459 2738 658 2823 quod,
703 2737 762 2805 si
797 2738 907 2823 qui
953 2737 1152 2822 forte,
1196 2758 1343 2803 cum
1380 2758 1450 2803 se
1493 2737 1564 2802 in
1608 2736 1786 2801 luctu
1823 2756 1961 2801 esse
2006 2736 2272 2821 vellent,

250 2826 496 2912 aliquid
537 2826 833 2894 fecerunt
864 2826 1210 2891 humanius
1222 2876 1241 2911 ,
1286 2827 1402 2890 aut
1446 2825 1503 2891 si
1546 2824 1820 2889 hilarius
1864 2824 2067 2889 locuti
2105 2828 2274 2911 sunt,

249 2919 558 2981 revocant
619 2936 689 2981 se
750 2936 972 2981 rursus
1030 2914 1113 2979 ad
1164 2913 1560 2979 maestitiam
1612 2911 1989 2997 peccatique
2045 2934 2115 2980 se
2172 2914 2272 2977 in-

250 3002 595 3088 simulant,
666 3004 838 3090 quod
909 3002 1126 3069 dolere
1196 3001 1685 3066 intermiserint.
1800 3000 2046 3067 Pueros
2119 3022 2270 3067 vero

249 3094 491 3156 matres
539 3094 606 3156 et
649 3091 947 3177 magistri
992 3090 1315 3175 castigare
1361 3090 1560 3156 etiam
1607 3090 1846 3174 solent,
1894 3110 2014 3155 nec
2056 3089 2270 3154 verbis

174 3202 225 3245 so
252 3180 488 3263 solum,
551 3179 666 3244 sed
729 3180 927 3243 etiam
989 3177 1396 3264 verberibus,
1460 3178 1519 3243 si
1581 3178 1734 3262 quid
1786 3178 1858 3243 in
1916 3177 2269 3242 domestico

250 3266 428 3332 luctu
480 3266 751 3331 hilarius
807 3266 892 3331 ab
945 3266 1029 3331 iis
1080 3265 1327 3331 factum
1376 3268 1478 3331 est
1523 3268 1639 3330 aut
1686 3264 1958 3350 dictum,
2011 3265 2271 3348 plorare

251 3358 507 3439 cogunt.
581 3352 792 3430 Quid?
832 3354 979 3437 ipsa
1013 3353 1313 3419 remissio
1351 3354 1564 3420 luctus
1600 3375 1748 3420 cum
1784 3357 1887 3418 est
1922 3355 2271 3417 consecuta

249 3442 770 3525 intellectumque
825 3445 927 3506 est
975 3441 1140 3509 nihil
1193 3442 1423 3525 profici
1478 3440 1850 3519 maerend0‚
1903 3461 2117 3505 nonne
2166 3460 2268 3505 res

250 3528 536 3597 declarat
587 3529 788 3597 fuisse
843 3531 1056 3596 totum
1105 3528 1272 3595 'illud
1334 3527 1816 3596 voluntarium?
1926 3524 2093 3603 Quid
2156 3526 2269 3592 ille
2307 3539 2376 3589 65
