2609 3884
2215 123 2258 188 3

869 314 1188 384 CICERO
1232 317 1651 385 VARRONI.

369 458 522 527 Etsi
593 481 828 524 munus
899 456 1196 544 flagitare
1211 507 1232 542 ,
1304 458 1602 543 quamvis
1675 459 1817 544 quis
1890 459 2258 546 ostenderit,
2299 484 2326 532 1

231 571 318 614 ne
373 548 650 632 populus
705 545 964 631 quidem
1019 545 1190 612 solet
1237 545 1366 612 nisi
1423 546 1810 631 concitatus,
1866 551 2087 614 tamen
2139 571 2260 636 ego

237 636 721 721 exspectatione
774 633 1078 718 promissi
1129 633 1228 699 tui
1279 656 1575 719 moveor,
1632 637 1708 700 ut
1752 635 2135 702 admoneam
2177 642 2261 722 te,

233 747 374 792 non
418 727 494 789 ut
537 725 850 826 flagitem.
919 721 1072 788 Misi
1116 725 1334 787 autem
1382 722 1466 788 ad
1509 726 1577 788 te
1621 727 1929 808 quattuor
1974 725 2261 792 admoni-

182 837 210 878 5
237 818 416 878 tores
460 833 595 878 non
646 811 846 876 nimis
900 810 1323 896 verecundos3
1373 811 1551 876 nosti
1608 812 1783 880 enim
1834 813 2128 896 profecto
2189 835 2261 880 os

236 901 434 966 huius
486 898 1017 965 adulescentioris
1054 861 1462 964 Academiae.
1531 897 1634 964 Ex
1680 921 1758 966 ea
1800 900 2007 984 igitur
2050 901 2263 968 media

237 988 558 1054 excitatos
603 988 778 1072 misi,
833 987 944 1072 qui
997 989 1219 1052 metuo
1272 1007 1359 1052 ne
1403 989 1471 1051 te
1523 987 1695 1052 forte
1752 988 2081 1074 flagitent3
2138 1011 2259 1076 ego

239 1079 459 1142 autem
517 1074 848 1157 mandavi,
905 1077 983 1140 ut
1034 1078 1358 1160 rogarent.
1455 1073 1938 1159 Exspectabam
1992 1079 2258 1144 omnino

235 1166 369 1228 iam
425 1163 536 1228 diu
579 1184 808 1247 meque
855 1162 1284 1247 sustinebam,
1333 1184 1417 1226 ne
1462 1163 1546 1228 ad
1588 1167 1654 1227 te
1698 1163 1880 1248 prius
1923 1165 2063 1248 ipse
2107 1165 2262 1250 quid

154 1279 210 1318 10
237 1253 616 1335 scriberem,
679 1272 873 1335 quam
935 1250 1179 1335 aliquid
1243 1251 1661 1335 accepissem,
1734 1255 1806 1317 ut
1867 1274 2129 1336 possem
2194 1258 2260 1318 te

235 1339 633 1405 remunerari
688 1361 882 1424 quam
926 1339 1258 1404 simillimo
1313 1359 1603 1424 munere3
1654 1339 1768 1405 sed
1814 1362 1960 1405 cum
2012 1344 2087 1406 tu
2130 1344 2260 1407 tar

237 1427 383 1492 dius
442 1426 716 1511 faceres,
769 1427 838 1493 id
891 1430 1020 1510 est,
1073 1429 1149 1491 ut
1203 1447 1325 1512 ego
1388 1427 1803 1512 interpretor,
1865 1428 2263 1514 diligentius,

235 1515 448 1582 teneri
491 1537 626 1581 non
665 1514 875 1599 potui,
921 1477 1078 1600 quin
1113 1515 1633 1580 coniunctionem
1676 1516 2036 1581 studiorum
2083 1539 2261 1583 amo-

237 1604 460 1688 risque
502 1603 708 1668 nostri
719 1653 737 1686 ,
783 1625 910 1687 quo
955 1623 1218 1686 possem
1261 1603 1626 1668 litterarum
1671 1624 1931 1689 genere,
1977 1603 2260 1670 declara-

156 1717 211 1758 15
238 1713 397 1757 rem.
505 1689 658 1756 Feci
718 1691 922 1775 igitur
985 1711 1353 1756 sermonem
1413 1691 1585 1756 inter
1644 1712 1765 1758 nos
1830 1691 2131 1757 habitum
2191 1692 2262 1758 in

241 1778 562 1862 Cumano,
608 1800 753 1844 cum
799 1781 970 1844 esset
1022 1799 1153 1844 una
1194 1777 1623 1862 Pomponius3
1676 1778 1801 1844 tibi
1848 1778 1995 1845 dedi
2039 1784 2259 1864 partes

237 1867 692 1950 Antiochinas,
715 1888 877 1950 quas
906 1889 946 1932 a
971 1870 1038 1931 te
1065 1867 1329 1950 probari
1358 1866 1752 1932 intellexisse
1780 1866 1943 1932 mihi
1967 1867 2258 1953 videbar-3

237 1955 406 2020 mihi
433 1955 681 2039 sumpsi
707 1954 1018 2020 Philonis.
1070 1954 1240 2020 Puto
1267 1954 1409 2020 fore
1437 1957 1529 2039 ut,
1566 1975 1713 2019 cum
1736 1955 1991 2041 legeris,
2027 1956 2260 2022 mirere

237 2063 360 2108 nos
413 2042 483 2107 id
536 2043 790 2108 locutos
845 2063 984 2108 esse
1027 2043 1196 2108 inter
1244 2064 1394 2126 nos,
1444 2042 1617 2126 quod
1659 2064 2012 2128 numquam
2058 2044 2261 2110 locuti

156 2159 212 2197 20
240 2151 492 2216 sumus3
537 2131 651 2196 sed
696 2131 874 2196 nosti
909 2151 1157 2195 morem
1201 2130 1624 2215 dialogorum.
1698 2131 1981 2198 Posthac
2026 2135 2261 2217 autem,
2295 2157 2330 2206 2

239 2220 335 2284 mi
369 2217 580 2284 Varro
588 2267 608 2302 ,
653 2241 848 2303 quam
879 2217 1181 2302 plurima,
1225 2219 1282 2282 si
1320 2219 1601 2302 videtur,
1647 2222 1714 2284 et
1750 2219 1828 2284 de
1862 2219 2053 2286 nobis
2089 2220 2261 2286 inter

238 2327 362 2372 nos
372 2356 392 2391 ,
438 2327 582 2371 sero
627 2305 934 2390 fortasse3
969 2306 1084 2372 sed
1121 2305 1524 2389 superiorum
1568 2311 1937 2391 temporum
1971 2306 2261 2374 Fortuna

239 2395 338 2459 rei
400 2394 699 2479 publicae
763 2415 1024 2460 causam
1087 2395 1437 2479 sustineat3
1508 2393 1669 2460 haec
1737 2395 1867 2479 ipsi
1928 2401 2261 2479 praestare

239 2483 566 2548 debemus.
687 2480 904 2566 Atque
975 2481 1230 2548 utinam
1290 2482 1525 2566 quietis
1588 2483 1993 2565 temporibus
2067 2486 2261 2567 atque

157 2597 210 2636 25
239 2570 459 2656 aliquo
517 2571 572 2635 si
623 2591 758 2636 non
809 2571 1011 2654 bono,
1073 2573 1144 2635 at
1195 2569 1431 2636 saltem
1495 2573 1671 2636 certo
1736 2573 1912 2635 statu
1977 2569 2260 2635 civitatis

238 2659 404 2723 haec
449 2659 621 2724 inter
661 2680 784 2724 nos
847 2657 1062 2724 studia
1106 2679 1399 2724 exercere
1442 2659 1803 2741 possemus!
1869 2679 2259 2743 quamquam

238 2752 381 2812 tum
446 2745 705 2830 quidem
775 2747 878 2812 vel
951 2746 1118 2812 aliae
1181 2745 1523 2829 quaepiam
1592 2746 1881 2810 rationes
1952 2746 2261 2812 honestas

237 2834 434 2900 nobis
489 2838 555 2898 et
607 2856 794 2900 curas
854 2838 920 2898 et
965 2834 1252 2900 actiones
1299 2833 1555 2917 darent3
1607 2854 1779 2898 nunc
1834 2837 2051 2899 autem
2085 2835 2262 2919 -quid

239 2925 368 3006 est,
415 2922 554 2987 sine
597 2923 702 2987 his
749 2944 861 2987 cur
903 2921 1121 2987 vivere
1166 2921 1486 2987 velimus?
1568 2921 1729 2986 mihi
1764 2943 1917 2987 vero
1964 2943 2110 2987 cum
2154 2922 2259 2988 his

159 3011 404 3096 scipsis
441 3010 568 3094 vix,
601 3010 707 3074 his
745 3014 962 3075 autem
999 3010 1306 3075 detractis
1342 3031 1427 3075 ne
1453 3009 1561 3074 vix
1597 3009 1875 3094 quidem.
1939 3008 2066 3077 Sed
2100 3010 2261 3076 haec

240 3120 460 3164 coram
496 3102 564 3163 et
599 3099 876 3183 saepius.
945 3097 1409 3183 Migrationem
1445 3101 1510 3161 et
1547 3099 1938 3182 emptionem
1982 3098 2261 3163 feliciter

239 3187 496 3252 evenire
533 3187 682 3253 volo
727 3190 1036 3271 tuumque
1079 3187 1149 3250 in
1186 3207 1262 3250 ea
1297 3207 1371 3250 re
1409 3186 1751 3251 consilium
1795 3186 2017 3271 probo.
2090 3184 2261 3252 Oura

237 3279 314 3338 ut
359 3274 600 3340 valeas.
