2609 3884
731 160 1151 218 ADNOTATIO
1191 158 1493 216 CRITICA.
1944 161 2119 215 XLIII

89 357 160 367 --
198 325 264 382 P.
300 330 425 379 421.
474 327 539 376 15
585 319 762 376 alium
799 321 988 391 pudor
1033 337 1142 376 om.
1189 320 1335 375 Bait.
1379 317 1603 376 invitus.
1650 347 1718 362 --
1764 319 1828 374 P.
1873 323 1994 376 421.
2049 325 2118 374 20

85 397 236 466 Quis
284 397 412 450 item
463 392 764 460 Fleckeis.‚
823 391 967 447 Bait.
1025 392 1112 446 ed.
1168 391 1443 458 Tauchn.‚
1504 389 1696 460 Seyff.‚
1746 387 1935 458 Hein.,
1982 391 2117 457 Sor„

97 467 235 536 Quis
280 467 370 520 ted
415 469 594 519 autem
634 461 803 519 mal?
858 461 1127 516 Ribbeck.
1201 461 1403 518 Melius
1448 460 1669 518 videtur
1718 461 1855 530 Quis
1902 462 2120 516 malitia

93 539 278 591 aute'm
311 533 402 590 te?
449 565 516 574 —
563 534 625 587 P.
663 538 787 588 422.
823 538 1055 587 25—36
1106 531 1242 601 Quis
1287 533 1431 586 enim
1478 563 1544 571 —
1581 533 1781 586 erroris
1830 536 1931 596 est,
1979 532 2119 586 item

91 625 148 675 p.
178 613 301 660 423.
334 611 508 660 7--13
537 604 693 674 Erqo
720 609 784 658 ut
812 634 879 643 —
900 604 1200 672 proclivior
1232 601 1419 657 aliena
1448 617 1568 657 esse
1598 603 1787 656 censet
1813 602 2118 670 Meissner.‚

93 678 331 732 fortasse
367 691 516 730 vere.
546 704 613 714 —
643 674 704 728 P.
735 679 856 728 422.
901 679 968 728 32
1003 673 1190 742 opinio
1224 688 1327 742 pro
1375 673 1687 740 diffidentia
1732 672 1893 728 Hein.
1944 703 2010 713 -—
2056 672 2102 726 P

97 753 217 800 422.
261 752 329 800 34
368 763 450 814 sq.
495 745 613 816 [Ut
648 745 822 812 iyitur
859 774 926 783 —
963 749 1094 798 sunt
1136 745 1200 798 in
1234 742 1413 814 malo]
1449 741 1623 809 Bait„
1659 743 1854 809 Hein.,
1894 741 2012 798 Sor.
2053 773 2120 782 —-

97 819 155 872 P.
195 823 320 870 423.
361 822 426 871 16
463 814 822 886 [depellitur]
855 814 1022 881 Dav„
1071 813 1359 880 Wesenb.,
1396 811 1569 880 Bait,
1605 813 1795 883 Hein.,
1832 813 1954 868 Sor.
2038 811 2120 867 cf.

95 906 150 957 p.
181 893 303 941 403.
333 892 370 940 4
406 902 487 953 sq.
525 887 665 940 vitia
707 885 982 940 sublata
1018 899 1152 939 esse
1169 889 1421 954 possunt,
1446 886 1581 953 quia
1606 899 1720 939 non
1746 889 1857 939 tam
1886 884 2122 940 celeriter

95 962 375 1012 sanantur
410 954 632 1026 (morbi)
669 971 834 1024 quam
877 955 981 1011 illa
1025 955 1381 1011 tolluntur.
1418 985 1485 995 —
1525 955 1585 1008 P.
1616 960 1737 1010 426.
1766 959 1835 1009 22
1872 957 1969 1024 qui
2003 955 2122 1010 veri

99 1027 336 1082 similius
372 1025 598 1080 videtur
641 1025 967 1080 Ciceronem
1013 1024 1299 1094 scripsisse
1337 1041 1507 1093 quam
1543 1025 1692 1093 quid.
1734 1055 1800 1065 -—
1837 1024 1899 1081 P.
1938 1030 2057 1079 427.
2090 1033 2121 1080 6

97 1104 172 1152 est
207 1114 313 1166 pro
349 1099 425 1151 sit
449 1095 608 1163 Bak„
645 1094 821 1163 Bait.;
862 1095 930 1150 cf.
960 1095 1035 1150 ad
1061 1113 1117 1165 p.
1149 1102 1195 1151 7.
1229 1101 1312 1150 13.
1342 1125 1409 1136 -
1436 1094 1498 1150 P.
1528 1100 1649 1150 427.
1682 1100 1749 1150 14
1777 1112 1856 1164 sq.
1896 1096 2027 1165 [qui
2056 1126 2123 1136 -·

95 1167 565 1237 nominabantur]
591 1166 660 1222 Η.
682 1166 906 1235 Saupp„
934 1164 1100 1233 Bait„
1127 1165 1309 1233 Hein.,
1340 1165 1456 1220 Sor.
1484 1165 1620 1220 satis
1647 1165 2033 1235 probabiliter.
2055 1197 2122 1206 —-

95 1240 155 1293 P.
187 1245 312 1292 427.
340 1243 408 1291 29
437 1237 642 1292 venisse
667 1252 890 1305 cumque
915 1234 1126 1304 Cobet„
1155 1235 1301 1290 Bait.
1333 1236 1419 1291 ed.
1450 1234 1695 1290 Tauchn.
1726 1266 1793 1276 —
1820 1235 1883 1290 P.
1904 1241 2025 1292 428.
2054 1243 2121 1292 29

95 1327 133 1363 a
179 1309 327 1364 caelo
373 1307 566 1376 Seyff„
610 1307 676 1362 de
721 1309 867 1362 caelo
917 1305 1035 1375 Or.,
1091 1305 1282 1374 Hein.,
1341 1306 1487 1374 Sor„
1540 1308 1826 1374 neutrum,
1875 1308 1941 1360 ut
1983 1306 2124 1362 mihi

95 1379 330 1447 quidem
373 1377 622 1446 videtur,
667 1393 940 1432 necessar.
981 1407 1049 1417 —
1085 1377 1146 1433 P.
1177 1382 1297 1432 429.
1336 1383 1405 1432 22
1443 1391 1525 1445 sq.
1576 1381 1676 1431 aut
1710 1379 1809 1445 qui
1845 1408 1912 1417 —
1949 1378 2125 1434 dicere

96 1465 289 1503 errore
326 1464 434 1504 om.
472 1447 618 1502 Bait.
657 1477 726 1488 —
761 1446 823 1502 P.
855 1452 975 1501 430.
1007 1452 1072 1501 17
1110 1447 1270 1518 [ipsa
1287 1446 1628 1516 prudentia]
1654 1446 1809 1514 Ern.,
1847 1446 1991 1504 Bait.
2033 1449 2120 1503 ed.

96 1519 349 1574 Tauchn.
389 1548 457 1559 —
493 1518 555 1572 P.
584 1522 706 1572 431.
737 1522 803 1572 19
841 1533 980 1586 quae
1015 1519 1208 1586 cuique
1243 1518 1433 1586 codd,
1470 1517 1621 1585 quod
1663 1517 1765 1571 ‘ex
1799 1518 2122 1573 recentiori-

94 1591 200 1644 bus
236 1604 386 1643 unus
419 1589 678 1643 inventus
717 1589 804 1642 est
837 1587 936 1656 qui
969 1587 1117 1641 tueri
1153 1589 1411 1654 auderet,
1458 1589 1555 1642 Re.
1606 1587 1919 1656 Klotzius’‚
1964 1605 2122 1658 quae-

95 1676 323 1728 cumque
373 1659 556 1728 vulg„
609 1674 748 1728 quae
801 1660 1056 1728 cuiquam
1099 1656 1281 1712 Bentl.
1365 1658 1487 1712 Hoc
1533 1657 1730 1712 dubito
1786 1675 1861 1713 an
1913 1659 2125 1714 Seneca

95 1730 408 1799 scripturus
450 1728 648 1796 fuerit,
706 1727 897 1782 Cicero
943 1728 1197 1798 profecto
1255 1727 1481 1796 scripsit
1534 1743 1673 1798 quae
1728 1729 1946 1798 cuique,
1990 1729 2027 1783 i.
2076 1746 2121 1783 e.

95 1800 401 1869 unicuique
436 1798 658 1854 homini
691 1797 1015 1854 tolerabilia
1051 1798 1206 1853 ducit
1243 1798 1455 1866 omnia,
1504 1813 1648 1866 quae
1695 1797 1749 1852 ei
1784 1798 2123 1868 (unicuique)

97 1871 356 1926 accidere
384 1872 647 1939 possunt,
683 1871 806 1923 aut:
844 1883 987 1938 quae
1016 1869 1215 1938 cuique
1245 1869 1501 1923 accidere
1527 1870 1787 1939 possunt,
1827 1885 1895 1924 ea
1923 1869 2123 1938 cuique

95 1940 422 1996 tolerabilia
458 1939 638 2007 ducit,
675 1939 736 1994 in
760 1955 871 2008 quo
901 1939 1336 2008 distributionis,
1372 1954 1540 2007 quam
1578 1938 1863 1993 desiderat
1890 1940 2125 2009 Seyffer-

94 2015 221 2080 tus,
257 2010 594 2065 tantundem
631 2012 743 2077 est,
781 2011 1050 2078 quantum
1085 2027 1138 2066 v.
1169 2026 1214 2064 c.
1243 2027 1298 2079 p.
1328 2014 1449 2064 444.
1479 2014 1546 2064 29
1584 2010 1647 2064 id
1681 2010 1838 2064 licere
1874 2010 2125 2078 dicimus,

93 2082 244 2152 quod
279 2083 475 2150 cuique
509 2080 847 2146 conceditur,
890 2097 945 2149 p.
982 2085 1104 2135 423.
1142 2085 1179 2133 4
1211 2084 1475 2135 naturam
1520 2081 1779 2161 cuiusque
1830 2095 1897 2135 ex
1945 2081 2126 2148 forma

91 2152 426 2223 perspicere,
481 2150 518 2206 i.
577 2166 624 2204 e.
671 2166 740 2205 ex
792 2149 1222 2218 uniuscuiusque
1275 2149 1459 2205 forma
1507 2165 1822 2220 perspicere
1867 2153 2126 2206 naturam

94 2223 244 2292 eius,
277 2222 379 2276 aut
404 2238 460 2290 p.
490 2225 611 2276 427.
644 2225 708 2274 12
736 2221 1026 2276 initiorum
1053 2236 1448 2290 causarumque
1475 2221 1735 2290 cuiusque
1761 2223 1845 2276 rei
1870 2224 2124 2292 coynitio,

95 2290 726 2417 miiilssffiss’essusssi
757 2290 1153 2431 ifissssq‘ffle}
1175 2289 1855 2430 ἓξῆΐαοῖῗέἓῗέἰὲῗῗέ
1886 2292 2127 2419 ..ἓξὲξ

95 2437 353 2503 possunt,
390 2433 578 2487 omnia
603 2445 787 2500 parva
822 2431 1048 2496 ducens,
1091 2428 1202 2485 nisi
1245 2402 1398 2500 quod
1436 2431 1511 2486 ad
1552 2430 1894 2487 adiectivum
1932 2434 2125 2489 tolera-

100 2505 236 2560 bilia
283 2501 773 2558 accommodatum
827 2503 915 2556 est
964 2517 1271 2571 pronomen
1318 2501 1762 2568 distributivum,
1821 2503 1896 2556 ad
1944 2520 2128 2572 parva

99 2575 294 2629 ducere
325 2589 443 2628 non
475 2571 629 2626 item.
700 2573 778 2626 At
823 2571 996 2640 enim,
1047 2588 1163 2627 non
1210 2572 1483 2626 ceterisne
1527 2571 1848 2626 hominibus
1896 2572 2129 2642 singulis

100 2642 430 2700 tolerabilia
481 2641 581 2696 ille
625 2642 795 2697 ducat
850 2643 1098 2698 humana
1154 2643 1366 2710 omnia,
1421 2641 1737 2710 quaeritur,
1793 2642 1893 2696 sed
1947 2643 2126 2698 sibine

22 2775 24 2778 y
99 2714 224 2785 ipsi.
289 2713 404 2768 Ain
429 2719 603 2767 vero?
639 2712 715 2782 is,
753 2713 850 2782 qui
876 2713 1080 2768 ducat
1113 2713 1452 2778 tolerabilia,
1501 2727 1851 2782 quaecunque
1886 2715 2129 2770 accidere

91 2783 423 2854 possunt?
514 2783 644 2838 Non
698 2783 768 2837 de
824 2783 1138 2838 constantia
1191 2785 1252 2838 et
1304 2781 1582 2853 patientia
1632 2782 1877 2838 hominis
1941 2785 2129 2841 omnia

98 2857 251 2910 mala
295 2853 632 2925 perferentis
679 2853 894 2923 agitur,
944 2853 1043 2908 sed
1098 2854 1167 2908 de
1223 2853 1505 2908 sententia
1557 2852 1826 2923 sapientis
1880 2855 2128 2912 humana

101 2926 291 2980 omnia
328 2924 472 2979 adeo
513 2922 898 2993 despicientis,
935 2926 1000 2978 ut
1034 2939 1198 2993 posse
1233 2923 1469 2979 tolerari
1504 2925 1655 2993 (nam
1690 2923 1751 2978 id
1788 2927 1877 2980 est
1918 2927 2126 2981 tolera-

99 2997 213 3051 bile
270 2996 500 3064 ducere)
544 3009 660 3048 non
703 3011 739 3050 a
784 3010 843 3049 se
890 2995 1096 3062 solum,
1151 2994 1252 3049 sed
1296 2994 1368 3048 ab
1424 2993 1677 3062 homine,
1736 3010 1927 3051 omnes
1978 2996 2126 3052 ictus

99 3067 357 3122 fortunae
407 3063 725 3120 arbitretur.
807 3065 872 3119 In
914 3063 985 3119 iis
1031 3064 1280 3133 demum,
1328 3080 1473 3132 quae
1522 3067 1851 3134 sequuntur:
1902 3067 2043 3124 idem
2077 3070 2128 3123 si

99 3139 241 3192 nihil
277 3151 451 3191 coneu
489 3136 630 3190 iscat
673 3136 779 3190 etc.
823 3134 999 3204 ipsius
1037 3134 1382 3190 continentia
1418 3150 1485 3190 ac
1524 3135 1900 3205 temperantia
1932 3137 2126 3193 lauda-

100 3209 216 3274 tur3
256 3207 450 3261 scilice
516 3205 704 3275 cupidi
737 3205 985 3274 laetique
1024 3221 1214 3260 omnes
1249 3204 1506 3260 homines
1545 3206 1697 3261 omni
1736 3209 1989 3277 tempore
2026 3211 2128 3263 aut

105 3279 229 3332 sunt
274 3279 379 3332 aut
413 3293 528 3331 non
574 3277 727 3343 sunt,
771 3275 1052 3345 patientes
1086 3292 1200 3332 non
1236 3277 1390 3342 sunt,
1446 3275 1557 3330 nisi
1594 3294 1719 3331 cum
1757 3277 1893 3344 quid
1926 3278 1997 3332 iis
2034 3295 2125 3333 ac-

105 3347 253 3402 cidit.
337 3347 494 3416 Ergo
540 3346 610 3400 de
655 3346 932 3415 patientia
973 3347 1250 3402 malorum
1296 3346 1574 3402 deliberat
1607 3347 1977 3417 philosophus
2030 3349 2125 3403 de·

107 3417 396 3544 &rnitglue
443 3433 546 3543 sii?
588 3417 789 3542 {33qu
838 3432 958 3499 esse
1001 3415 1337 3542 tole1(·;³.bilia2
1335 3416 1713 3542 ’menfgditate
1700 3421 1933 3543 deffleat
1985 3417 2121 3487 ipse.

172 3532 184 3544 .
230 3506 265 3544 a
357 3506 415 3560 p.
538 3529 548 3542 .
706 3503 735 3542 e
807 3503 1046 3542 maxime
1093 3504 1127 3542 a
1211 3505 1265 3558 p.
1416 3531 1427 3543 .
1582 3503 1699 3556 pru
1827 3506 1911 3555 ia,
1960 3505 2123 3557 quam
