2609 3884
668 174 804 231 ΜΒ.
843 174 886 228 Ι.
943 172 1098 231 CAP.
1138 180 1311 229 7-9.
1366 178 1397 239 s
1435 178 1677 261 iaz—18.
2049 173 2179 238 285

291 336 374 401 A.
427 335 570 401 Iam
607 335 934 421 adgnosco
970 332 1306 402 Graecum.
1381 332 1508 401 Sed
1549 335 1854 420 quoniam
1892 336 2181 423 coegisti,

154 428 235 492 ut
288 424 730 508 concederem,
785 424 897 509 qui
950 423 1195 489 mortui
1249 426 1489 507 essent,
1554 445 1664 489 eos
1716 424 1985 490 miseros
2047 446 2181 490 non

156 534 328 598 esse,
373 512 635 597 perfice,
681 514 739 578 si
783 514 1000 597 potes,
1044 514 1120 577 ut
1164 533 1246 576 ne
1282 510 1690 577 moriendum
1732 512 1994 596 quidem
2040 533 2179 577 esse

157 602 470 667 miserum
514 604 757 685 putem.

89 716 123 758 5
265 695 385 842 lM.
430 688 572 754 Iam
615 689 786 754 istuc
831 688 1088 772 quidem
1131 687 1298 753 nihil
1332 686 1582 772 negotii
1619 690 1747 772 est,
1790 689 1899 755 sed
1936 688 2181 754 maiora

159 798 260 842 mo
287 797 400 842 zor.

294 865 378 929 A.
442 863 584 941 Quo
621 863 814 929 modo
856 862 982 929 hoc
1013 862 1182 927 nihil
1217 862 1469 949 negobii
1506 862 1649 928 est?
1688 866 1803 929 aut
1836 885 2002 948 quae
2030 868 2181 931 sunt

159 952 424 1018 tandem
469 953 600 1017 ista
644 951 939 1017 maiora?

254 1044 258 1049 ”
292 1048 384 1107 Μ.
432 1039 625 1123 Quia,
670 1040 977 1125 quoniam
1022 1041 1174 1123 post
1209 1041 1488 1124 mottem
1530 1038 1688 1105 mali
1730 1040 1894 1104 nihil
1939 1042 2055 1125 est,
2096 1062 2181 1104 ne

61 1157 126 1197 10
157 1150 334 1195 mors
391 1128 647 1213 quidem
693 1131 796 1192 est
839 1127 1116 1205 malum,
1171 1127 1275 1192 cui
1326 1148 1714 1211 proxumum
1768 1131 2025 1211 hempus
2081 1131 2182 1193 est

157 1220 310 1302 post
354 1219 657 1296 mortem,
701 1215 772 1279 in
818 1236 943 1299 quo
991 1215 1148 1279 mali
1192 1214 1362 1279 nihil
1407 1237 1547 1280 esse
1591 1214 1916 1281 concedis:
1960 1216 2057 1280 ita.
2099 1237 2181 1280 ne

158 1304 568 1370 moriendum
613 1302 874 1387 quidem
920 1324 1060 1368 esse
1106 1303 1356 1367 malum
1402 1307 1528 1389 est3
1572 1302 1639 1368 id
1685 1306 1785 1368 est
1822 1303 1993 1368 enim
2036 1325 2180 1388 per-

156 1391 548 1457 veniendum
607 1411 748 1455 esse
808 1390 892 1455 ad
950 1390 1044 1470 id,
1105 1390 1277 1476 quod
1335 1412 1471 1456 non
1528 1411 1667 1456 esse
1727 1392 1969 1458 malum
2034 1413 2180 1457 con-

155 1481 434 1546 fitemur.

63 1596 122 1637 ιε
290 1568 375 1634 A.
428 1566 710 1633 Uberius
765 1566 922 1645 ista,
977 1588 1235 1651 quaeso.
1334 1562 1515 1631 Haec
1568 1566 1742 1632 enim
1797 1567 2179 1650 spinosiora,

156 1657 340 1741 prius
373 1659 452 1721 ut
486 1655 822 1739 confitear,
857 1676 962 1719 me
1000 1657 1258 1740 cogunt,
1295 1674 1489 1737 quam
1525 1657 1600 1720 ut
1636 1654 1981 1720 adsentiar.
2054 1653 2179 1721 Sed

157 1767 322 1829 quae
369 1748 522 1809 sunt
567 1765 670 1829 ea,
715 1764 877 1827 quae
923 1742 1086 1807 dicis
1131 1746 1199 1807 te
1245 1742 1497 1807 maiora
1539 1742 1802 1808 moliri?

289 1839 382 1898 M.
425 1831 522 1898 Ut
565 1832 858 1914 doceam,
905 1831 962 1896 si
1003 1830 1281 1915 possim,
1335 1852 1471 1895 non
1514 1830 1710 1896 modo
1755 1830 2000 1896 malum
2044 1852 2179 1897 non

159 1942 330 2005 esse,
376 1920 490 1985 sed
534 1920 776 1985 bonum
824 1919 1020 1983 etiam
1067 1940 1208 1983 esse
1249 1921 1542 1983 mortem.

65 2037 126 2076 20
289 2008 372 2074 A.
425 2006 578 2073 Non
642 2007 902 2091 postulo
967 2006 1034 2072 id
1090 2005 1375 2091 quidem,
1441 2027 1601 2073 aveo
1654 2010 1875 2072 tamen
1938 2008 2180 2075 audire.

155 2095 253 2162 Ut
289 2096 462 2160 enim
496 2116 629 2160 non
666 2094 924 2178 effi-cias
961 2095 1133 2180 quod
1167 2094 1288 2178 vis,
1330 2097 1569 2179 tamen,
1614 2116 1790 2161 mors
1824 2100 1901 2161 ut
1934 2097 2179 2162 malum

156 2206 293 2249 non
339 2184 450 2267 sit,
496 2182 755 2248 efficies,
841 2180 967 2247 Sed
1009 2182 1178 2247 nihil
1223 2185 1288 2246 te
1335 2182 1792 2270 infierpellab03
1848 2186 2179 2250 continen-

156 2277 294 2337 tem
340 2270 702 2336 orationem
747 2270 968 2335 audire
1017 2270 1212 2336 ma10.

2219 708 2283 758 16

290 2364 382 2425 M.
429 2357 621 2439 Quid,
675 2357 732 2424 si
786 2361 852 2423 te
906 2378 1222 2443 rogavero
1280 2357 1568 2443 aliquid?
1630 2380 1847 2425 nonne
1910 2382 2178 2445 respon·
2216 2378 2282 2428 1⁵1

67 2477 124 2518 2⁵
159 2448 390 2602 debis
428 2534 799 2620 Superbum¹
825 2534 891 2599 id
929 2533 1188 2619 quidem
1224 2537 1353 2619 est,
1390 2534 1527 2619 sed,
1560 2534 1691 2600 nisi
1728 2535 1881 2620 quid
1917 2556 2178 2601 necesse

154 2626 310 2705 erit,
357 2625 529 2689 malo
574 2645 709 2688 non
753 2643 966 2709 roges.

288 2720 379 2778 Μ.
424 2711 662 2777 Geram
703 2711 830 2777 tibi
873 2732 1120 2777 morem
1167 2713 1234 2776 et
1277 2731 1379 2795 ea,
1426 2731 1588 2796 quae
1634 2712 1733 2776 vis
1743 2759 1762 2793 ,
1806 2712 1881 2775 ut
1923 2713 2175 2796 poberO,
2212 2715 2253 2779 9

155 2801 523 2885 explicab0‚
575 2821 694 2865 nec
739 2804 962 2864 {aamen
1009 2798 1195 2884 quasi
1238 2799 1517 2883 Pyfihius
1562 2797 1833 2883 Apollo,
1884 2802 2061 2863 certa.
2102 2802 2179 2865 ut

69 2917 124 2957 30
157 2890 292 2954 sint
337 2892 403 2954 et
445 2890 601 2972 fixa,
655 2910 820 2973 quae
865 2888 1115 2972 dixero,
1171 2886 1283 2952 sed
1329 2889 1404 2951 ut
1456 2886 1883 2952 homunculus
1928 2909 2094 2954 unus
2142 2909 2177 2951 e

155 2977 384 3042 multis
430 2976 794 3060 probabilia
829 2976 1197 3041 coniectura
1242 2995 1535 3061 sequens.
1604 2973 1797 3041 Ultra
1832 2976 2003 3041 enim
2050 2997 2175 3060 quo

152 3065 559 3150 progrediar,
607 3085 799 3148 quam
842 3067 917 3129 ut
959 3064 1098 3130 veri
1133 3063 1377 3128 similia
1420 3062 1704 3149 videam,
1758 3085 1892 3129 non
1934 3062 2175 3149 habe03

155 3157 334 3219 certa
379 3154 594 3219 dicent
636 3152 710 3238 ii,
765 3152 877 3239 qui
932 3156 1000 3217 et
1052 3150 1294 3236 percipi
1352 3172 1429 3215 ea
1480 3173 1673 3236 posse
1730 3151 1953 3217 dicunt
1997 3156 2063 3217 et
2104 3173 2174 3218 se

155 3242 472 3326 sapientis
519 3261 658 3306 esse
702 3240 1099 3326 profitentur.

72 3358 122 3397 85
287 3330 370 3396 A.
423 3328 541 3414 Tu,
576 3332 652 3394 ut
685 3328 965 3412 videtur3
999 3348 1120 3393 nos
1149 3328 1231 3393 ad
1259 3327 1649 3393 audiendum
1684 3328 1900 3412 parati
1934 3349 2174 3394 sumus.

287 3424 380 3483 Μ.
424 3417 602 3483 Mors
658 3417 862 3502 igitur
913 3416 1086 3502 ipsa,
1139 3438 1304 3502 quae
1360 3416 1616 3482 videtur
1668 3416 2013 3481 notissima
2066 3436 2169 3481 res
2211 3433 2276 3483 18

155 3528 324 3587 esse,
371 3506 524 3591 quid
570 3505 682 3589 sit,
727 3505 1010 3589 primum
1056 3508 1158 3571 est
1197 3504 1562 3571 videndum.
1634 3502 1799 3570 Sunt
1842 3502 2014 3568 enim
2061 3503 2171 3588 qui
