2609 3884
434 165 571 233 384
828 165 1428 223 TUSCULANARUM
1461 164 2068 222 DISPUTATIONUM

432 329 648 418 peius,
726 327 995 396 haerere
1069 329 1491 414 intellegant,
1561 327 1966 413 aegritudine
2045 330 2449 412 premuntur3

433 416 616 483 nulla
660 417 837 482 enim'
876 416 1270 483 admiscetur
1314 416 1562 518 opinio·
1581 415 1869 518 officiosi·
1910 415 2174 518 doloris.
2275 415 2451 499 Quid,

432 503 1645 675 ἓαῗέἒὲωξὲῗὲἳὲὶὲῗέἒέἓιέἓέῗ
1667 504 1906 676 3333?
1913 502 2305 658 1ῗίζὲῑὲ
2306 526 2450 657 ἓξὲ-

433 682 556 747 bus
602 683 827 766 paucis
876 681 1099 747 diebus
1147 681 1404 746 amissis
1449 680 1631 765 filiis,
1675 680 1887 764 qualis
1930 679 2018 746 Μ.
2063 677 2230 746 Cato
2276 701 2448 765 prae·
2469 701 2494 743 z
2566 691 2568 694 ’

433 773 575 835 tore
632 769 974 855 designato
1030 772 1289 836 mortuo
1343 769 1481 834 filio
1490 819 1509 854 ,
1562 769 1784 854 quales
1836 767 2098 853 reliqui,
2161 789 2326 852 quos
2385 768 2450 832 in

328 866 396 918 ’τι
436 855 902 923 Consolatione
966 857 1385 942 conlegimus.
1492 855 1660 933 Quid
1722 855 1844 923 hos
1909 855 2086 922 aliud
2156 856 2450 940 placavit,

433 946 606 1096 nisi?
626 945 797 1097 qufid
859 945 1103 1097 luetlum
1175 949 1259 1096 eti
1304 965 1666 1098 ffieroretuui
1738 965 1896 1047 esse·
1941 965 2098 1096 noi?e
2136 945 2452 1098 patah-sinat

433 1054 562 1098 vm
765 1053 963 1098 ro1
1131 1053 1215 1098 uo
1479 1053 2255 1098 recmomansae
2429 1066 2452 1079 -

436 1119 575 1183 dini
628 1141 699 1186 se
755 1053 972 1185 efflent
1014 1054 1282 1205 defflere,
1336 1120 1404 1185 id
1456 1119 1528 1186 hi
1586 1124 1776 1205 turpe
1822 1054 2131 1204 gutantes
2179 1052 2451 1206 aeg-itu-
2473 1141 2517 1181 ιο

436 1207 652 1272 dinem
685 1208 1127 1291 reppulerunt.
1192 1207 1295 1274 Ex
1334 1230 1461 1294 quo
1496 1208 1897 1294 intellegitur
1930 1229 2066 1275 non
2099 1208 2173 1273 in
2205 1213 2454 1293 natura,

434 1294 547 1360 sed
592 1295 661 1360 in
706 1295 1014 1381 opinione
1061 1317 1204 1362 esse
1247 1295 1742 1382 aegritudinem.

328 1385 414 1452 29
568 1380 818 1450 Contra
871 1383 1172 1450 dicuntur
1221 1385 1411 1451 haec:
1475 1383 1636 1462 Quis
1688 1388 1827 1450 tam
1869 1384 2165 1470 demens,
2221 1388 2304 1452 ut
2347 1408 2456 1452 sua

432 1472 774 1539 voluntate
808 1472 1144 1539 maereat?
1187 1477 1426 1540 natura
1461 1472 1674 1538 adfert
1707 1472 2024 1559 dolorem,
2061 1475 2166 1539 cui
2202 1475 2454 1560 quidem

434 1558 743 1646 Crantor,
814 1560 1145 1647 inquiunt,
1224 1564 1438 1627 vester
1509 1560 1859 1626 cedendum
1928 1565 2148 1647 putat3
2220 1563 2454 1646 premit
2475 1581 2520 1622 ιε

433 1651 607 1715 enim
661 1653 855 1734 atque
907 1651 1143 1735 instat,
1192 1671 1313 1715 nec
1356 1649 1573 1714 resisti
1632 1653 1868 1733 potest.
1956 1649 2187 1736 Itaque
2234 1650 2454 1716 Oileus

432 1737 543 1802 ille
590 1738 759 1822 apud
806 1734 1222 1822 Sophoclem,
1268 1736 1379 1824 qui
1414 1737 1834 1804 Telamonem
1876 1740 2072 1803 antea
2115 1738 2196 1803 de
2234 1738 2454 1805 Aiacis
2567 1736 2569 1744 '

431 1829 643 1891 morte
706 1826 1079 1892 consolatus
1144 1827 1344 1910 esset,
1415 1824 1472 1890 is
1545 1847 1691 1892 cum
1755 1825 2109 1892 audivisset
2179 1826 2261 1892 de
2329 1849 2457 1910 su0,
2568 1879 2569 1884 η

430 1912 679 1979 fractus
734 1917 850 1979 est.
946 1911 1047 1980 De
1102 1914 1284 1980 cuius
1338 1916 1736 1980 commutata
1787 1917 2004 1980 mente
2047 1915 2141 1980 sic
2195 1914 2460 1982 dicitur:

517 2035 676 2102 Nec
719 2037 896 2101 vero
939 2038 1164 2102 tanta
1205 2036 1609 2121 praeditus
1656 2038 2050 2122 sapientia
2481 2059 2524 2099 20

522 2120 1049 2209 Quisquamst,
1121 2125 1249 2209 qui
1323 2126 1651 2190 aliorum
1713 2129 2151 2235 aerumnam
2219 2127 2458 2194 dictis

515 2297 687 2364 Non
729 2295 955 2381 idem,
1000 2319 1164 2364 cum
1208 2299 1526 2365 fortuna
1571 2305 1865 2367 mutata
1905 2214 2282 2388 {333thss

521 2384 970 2470 Convertat,
1016 2386 1233 2452 clade
1280 2388 1544 2453 subita
1586 2389 2000 2476 frangatur
2044 2412 2208 2475 sua,

515 2474 619 2542 Ut
660 2472 804 2540 illa
850 2473 944 2540 ad
991 2475 1189 2540 alios
1238 2473 1450 2541 dicta
1494 2481 1570 2542 et
1611 2482 2034 2562 praecepta
2079 2481 2467 2548 excidant.

428 2615 609 2683 Haec
645 2639 791 2682 cum
839 2616 1203 2700 disputant,
1245 2615 1372 2682 hoc
1407 2617 1674 2683 student
1708 2619 1986 2704 efficere,
2029 2623 2311 2687 naturae
2353 2624 2466 2689 ob·
2489 2639 2530 2681 2⁵

428 2705 577 2770 sisti
630 2704 811 2770 nullo
864 2704 1059 2771 modo
1113 2725 1336 2789 posse,
1389 2709 1458 2770 et
1509 2709 1732 2771 tamen
1774 2706 2066 2773 fatentur
2119 2712 2466 2794 graviores

430 2791 867 2874 aegritudines
925 2793 1195 2877 suscipi,
1254 2814 1448 2876 quam
1499 2797 1736 2860 natura
1789 2801 1999 2882 cogat.
2107 2797 2294 2874 Quae
2362 2805 2469 2866 est

427 2877 635 2962 igitur
679 2879 1008 2946 amentia?
1068 2885 1145 2946 ut
1186 2902 1310 2947 nos
1356 2903 1606 2967 quoque
1649 2883 1822 2948 idem
1868 2884 1950 2949 ab
1993 2884 2128 2950 illis
2172 2888 2470 2971 requira-

321 2980 389 3031 '12
428 2986 589 3030 mus.
705 2964 831 3031 Sed
903 2968 1122 3050 plures
1195 2971 1350 3034 sunt
1421 2991 1652 3036 causae
1725 2972 2117 3057 suscipiendi
2188 2974 2466 3042 doloris,

424 3051 716 3117 Primum
778 3054 896 3117 illa
958 3057 1177 3140 opinio
1242 3057 1428 3141 mali,
1489 3080 1617 3143 quo
1679 3059 1819 3124 viso
1886 3065 2080 3146 atque
2136 3082 2466 3145 persuaso
2493 3082 2542 3122 ⁸⁰

427 3140 765 3224 aegritudo
812 3141 1175 3226 insequitur
1217 3148 1612 3232 necessari03
1667 3146 1896 3213 deinde
1942 3149 2141 3214 etiam
2186 3156 2467 3235 gratum

424 3227 697 3293 mortuis
735 3248 803 3293 se
838 3227 1079 3313 facere,
1124 3230 1183 3296 si
1223 3235 1514 3317 graviter
1545 3257 1654 3300 eos
1690 3236 1982 3322 lugeant,
2029 3238 2466 3307 arbitrantur.

422 3314 696 3380 Accedit
781 3317 1157 3398 superstitio
1226 3321 1561 3387 muliebris
1639 3323 1980 3411 quaedam;
2053 3325 2468 3394 existumant

425 3401 597 3466 enim
659 3401 759 3467 dis
822 3402 1275 3470 inmortalibus
1340 3429 1409 3472 se
1471 3408 1728 3476 facilius
1793 3412 1952 3477 satis
2014 3413 2336 3496 facturos,
2404 3418 2466 3483 si

424 3508 646 3552 eorum
689 3489 883 3574 plaga
926 3492 1202 3574 perculsi
1250 3493 1542 3560 adflictos
1588 3518 1658 3562 se
1704 3502 1773 3563 et
1807 3502 2048 3565 stratos
2095 3521 2238 3567 csse
2285 3503 2462 3568 fate·
2493 3521 2546 3564 ³³
