2609 3884
364 196 495 250 XIV
991 193 1437 252 ADNOTATIO'
1452 194 1753 250 CRITICA.

507 353 568 409 P.
591 359 676 410 86.
701 359 768 408 14
795 371 875 423 sq.
903 353 1123 421 quicum
1151 353 1292 408 coni.
1321 353 1526 424 Halm,
1554 354 1745 423 scrips.
1778 354 2115 424 Quicherat„
2143 358 2241 425 qui
2267 374 2389 413 eum

363 424 515 494 vulg.
556 456 624 465 —
659 423 718 477 P.
750 429 834 480 86.
867 429 935 478 20
971 425 1040 478 ab
1078 440 1247 493 aequo
1286 423 1543 489 Quicher.
1576 441 1680 494 pro
1719 442 1746 479 e
1780 441 1902 494 quo.
1932 457 1998 466 —
2026 425 2087 480 P.
2116 431 2201 481 87.
2232 434 2264 482 6
2303 445 2385 495 sq.

364 496 449 549 Et
483 497 700 565 quidem
736 510 910 563 aquae
944 495 1175 549 tinctae
1200 495 1437 563 quodam
1461 497 1619 549 modo
1646 499 1697 549 et
1730 496 1983 561 infectae
2016 497 2072 551 N
2072 496 2188 551 onii
2213 498 2391 552 verba

366 581 484 620 esse
541 565 823 620 existimat
849 563 1065 629 Quich.
1113 594 1180 603 -—-
1228 562 1288 617 P.
1327 568 1414 620 87.
1451 570 1486 619 8
1544 565 1958 633 Perpendicula
2008 583 2113 621 em.
2172 566 2385 635 Quich.,
2444 614 2451 621 .

365 635 526 690 codd.
557 637 616 690 et
643 634 802 689 editt.
821 635 1228 703 perpendiculi.
1256 665 1325 674 -—
1352 633 1411 689 P.
1439 641 1525 690 87.
1550 641 1615 689 12
1644 653 1725 705 sq.
1754 637 1902 691 alius
1927 638 2251 692 valentibus
2278 643 2384 692 etc.

367 705 592 773 Quich.‚
629 706 776 760 alius
811 705 1323 771 adulescentibus,
1360 706 1508 760 alius
1534 707 1739 775 aeqris,
1776 708 1958 762 alius
1984 710 2203 774 sanis,
2239 709 2389 763 alius

362 778 522 832 siccis
565 775 718 845 vulg.
759 808 824 815 —
860 774 922 829 P.
960 781 1044 830 87.
1085 781 1150 829 19
1191 780 1384 844 putere
1417 777 1679 832 videatur
1725 776 1879 830 idem
1915 793 1946 830 e
1984 778 2172 846 codd.‚
2218 783 2389 846 puter

363 863 471 902 esse
504 847 721 902 videtur
754 845 957 912 Halm„
995 845 1139 899 Bait.
1178 876 1248 885 —
1283 844 1344 899 P.
1373 849 1458 901 87.
1498 852 1567 902 22
1603 845 1726 900 Hoc
1760 846 1957 916 fragm.
1996 847 2149 916 apud
2186 847 2384 913 Quich.

362 916 646 972 invenitur
680 918 810 985 post
856 915 1176 982 Vindicare,
1211 931 1476 974 revocare.
1506 947 1573 956 —
1598 915 1663 970 P.
1690 921 1775 972 87.
1804 923 1873 972 23
1910 923 1961 972 et
1996 917 2124 972 add.
2156 916 2379 985 Quich.;

363 989 427 1042 in
464 987 650 1053 codd.,
698 985 919 1053 Quich.‚
965 1002 1088 1040 cum
1120 986 1273 1055 vulg.
1312 1016 1380 1026 --
1415 985 1477 1041 P.
1516 991 1602 1042 88.
1640 992 1672 1043 7
1708 989 1921 1042 secutis
1955 987 2263 1042 Patricium
2298 1003 2382 1042 se-

366 1057 483 1111 cuti
517 1057 701 1112 Halm.
742 1058 801 1110 et
833 1055 979 1112 Bait.
1018 1087 1086 1095 —-
1121 1054 1182 1110 P.
1211 1060 1295 1111 88.
1326 1062 1395 1111 21
1430 1072 1546 1112 non
1578 1073 1683 1126 pro
1717 1058 1864 1112 nihil
1896 1060 1957 1112 et
1980 1075 2035 1114 v.
2065 1065 2133 1112 33
2163 1076 2245 1126 sq.
2281 1073 2385 1112 suo

361 1129 571 1182 iudicio
607 1142 710 1196 pro
747 1127 955 1181 iudicio
989 1142 1089 1182 suo
1122 1125 1334 1181 invitus
1363 1126 1575 1196 scripsi.
1614 1157 1681 1166 —
1716 1125 1778 1183 P.
1808 1133 1895 1184 89.
1923 1133 1956 1183 2
1984 1129 2385 1198 interroyetur

363 1197 587 1266 scripsi,
623 1197 776 1266 vulg.
813 1197 1367 1266 interroqarentur3
1410 1213 1544 1251 nam
1582 1197 1837 1265 quamvis
1872 1198 2193 1267 neglegens.
2213 1197 2385 1252 fuerit

362 1267 707 1336 Augustinus
755 1267 817 1320 in
851 1265 1227 1321 exscribendis
1273 1268 1567 1321 auctorum
1608 1266 1823 1336 verbis,
1866 1269 1933 1322 ut
1968 1268 2102 1335 fuit,
2151 1284 2221 1322 ne
2257 1267 2385 1336 ipso

364 1338 590 1406 quidem
627 1337 800 1406 digna
825 1339 911 1391 est
942 1336 1077 1391 talis
1107 1339 1389 1392 structura
1420 1337 1714 1392 orationis=
1754 1338 2013 1393 Zenovel
2040 1338 2383 1407 Chrysippus

361 1410 414 1462 si
439 1410 995 1477 interroqarentur,
1022 1408 1147 1476 quis
1170 1408 1264 1462 sit
1287 1407 1526 1476 sapiens,
1552 1408 1942 1475 respondebit.
1965 1439 2033 1448 —
2052 1408 2110 1463 P.
2138 1412 2225 1463 89.
2247 1414 2279 1463 8
2299 1424 2381 1476 sq.

363 1479 439 1534 ad
472 1479 616 1533 nihil
661 1478 818 1532 aliud
852 1507 922 1516 —
957 1493 1123 1547 quam
1165 1478 1251 1533 ad
1295 1478 1421 1532 hon.
1459 1507 1527 1516 —
1563 1477 1776 1546 Halm,
1826 1477 1973 1534 Bait.
2011 1477 2064 1532 A
2100 1477 2383 1532 Ciceronis

364 1547 766 1603 consuetudine
809 1563 924 1604 non
967 1563 1080 1602 uno
1114 1547 1342 1602 nomine
1379 1546 1679 1603 abhorrere
1724 1548 1801 1602 ad
1834 1549 1979 1603 nihil
2013 1549 2173 1602 aliud
2219 1564 2384 1617 quam

361 1621 686 1674 honestatem
731 1619 946 1672 certum
991 1619 1102 1685 est,
1145 1617 1523 1686 Augustinum
1568 1618 1793 1688 quidem
1838 1634 1952 1672 non
1986 1618 2168 1688 magis
2214 1616 2385 1672 credo

363 1688 648 1744 dubitasse
699 1687 940 1742 scribere
989 1704 1154 1756 quam
1197 1689 1524 1742 honestatem
1570 1705 1739 1756 quam
1783 1689 1859 1743 ad
1900 1689 2044 1743 nihil
2088 1688 2263 1743 aliud.
2312 1716 2383 1728 —

360 1759 420 1814 P.
460 1764 545 1814 89.
587 1763 653 1813 15
688 1764 904 1814 tantum
940 1774 975 1811 a
1010 1756 1232 1812 Klotzio
1269 1758 1509 1827 sumpsi,
1543 1763 1723 1814 tamen
1757 1757 1972 1825 Halm„
2007 1758 2154 1813 Bait.

503 1829 860 1884 Librorum
895 1828 974 1882 de
1011 1827 1269 1882 finibus
1304 1827 1817 1897 praestantissimos
1855 1828 2074 1884 codices
2109 1829 2383 1882 habemus

360 1899 753 1954 Palatinum
778 1898 846 1967 A,
875 1897 975 1967 qui
995 1900 1190 1954 tamen
1216 1898 1408 1953 deficit
1431 1917 1485 1968 p.
1508 1905 1627 1956 208.
1648 1905 1680 1952 3
1708 1898 1871 1953 huius
1900 1898 2051 1967 edit.‚
2082 1900 2141 1952 et
2163 1897 2381 1952 Palat.

360 1970 408 2022 B
437 1971 606 2037 atque
633 1969 904 2038 Erlang.
957 1969 1078 2024 Hos
1105 1969 1256 2024 solos
1292 1969 1560 2024 adhibere
1596 1970 1772 2024 testes
1808 1968 1954 2024 solet
1978 1968 2124 2024 Bait.
2156 1968 2218 2022 in
2246 1968 2378 2023 edit.

363 2039 533 2095 Orell.
563 2040 646 2108 ΙΙ,
679 2055 785 2094 nec
817 2040 1011 2094 tamen
1038 2055 1226 2094 carere
1253 2055 1546 2109 possumus
1574 2038 1701 2093 aliis
1730 2039 1955 2094 omnino
1993 2037 2381 2107 deterioribus,

362 2110 464 2163 sed
504 2125 923 2177 nonnumquam
967 2125 1082 2164 non
1134 2110 1316 2165 solum
1360 2109 1542 2165 minus
1579 2109 1924 2178 depravatis,
1973 2125 2172 2165 verum
2208 2109 2383 2164 etiam

360 2179 735 2249 plenioribus3
789 2179 1030 2234 maxime
1083 2179 1146 2234 in
1192 2182 1493 2235 verborum
1540 2180 1910 2235 collocatione
1954 2197 2070 2236 non
2118 2195 2383 2249 magnam

363 2266 485 2304 esse
521 2249 769 2305 Palatini
802 2249 847 2303 B
885 2252 944 2305 et
977 2250 1339 2320 Erlangensis
1374 2251 1544 2306 fidem
1579 2250 1747 2306 docet
1779 2249 1897 2304 Pal.
1934 2251 2001 2306 A.

501 2320 566 2376 P.
605 2327 689 2375 93.
729 2327 760 2375 9
797 2326 848 2375 et
891 2321 961 2376 hi
1003 2321 1218 2391 quidem
1262 2320 1422 2375 codd.
1470 2322 1530 2376 et
1564 2321 1715 2388 edd.;
1758 2338 1814 2375 v.
1852 2326 1885 2374 5
1937 2337 2158 2389 quoque
2194 2325 2245 2374 et
2278 2321 2383 2374 his

361 2391 578 2460 quidem
614 2392 701 2445 est
733 2390 795 2445 in
829 2391 913 2459 A,
951 2390 1014 2445 in
1047 2391 1092 2444 B
1137 2392 1238 2461 hys
1284 2391 1378 2444 ‘et
1420 2389 1501 2445 sio
1537 2405 1781 2458 semper,
1825 2405 1897 2443 ne
1934 2391 2109 2445 semel
2154 2389 2381 2458 quidem

361 2463 486 2519 iis'.
515 2493 582 2502 —
608 2461 669 2517 P.
700 2467 785 2516 94.
814 2467 883 2517 23
914 2462 1176 2516 Poreiwm
1201 2459 1488 2526 Licinum,
1522 2475 1638 2513 non
1664 2458 1973 2525 Licinium,
2008 2461 2075 2513 ut
2110 2459 2382 2528 scriptum

362 2535 449 2588 est
479 2532 540 2587 in
577 2532 736 2588 codd.
766 2535 828 2587 et
861 2532 985 2588 edd.
1020 2530 1299 2597 omnibus,
1338 2529 1748 2600 epigrammata
1784 2529 1854 2583 de
1889 2529 2074 2598 poetis
2110 2529 2382 2584 Romanis

363 2603 648 2673 scripsisse
703 2603 839 2658 satis
889 2604 1124 2659 constat.
1163 2633 1230 2642 —
1266 2600 1327 2654 P.
1368 2607 1454 2656 94.
1483 2606 1549 2656 31
1602 2600 1777 2669 Quid,
1828 2601 1880 2654 si
1931 2599 2119 2655 Madv.
2176 2600 2236 2654 in
2290 2599 2379 2654 ed.

359 2676 568 2728 recent.
605 2691 636 2729 e
674 2675 795 2729 cod.
832 2672 908 2741 A,
952 2673 1107 2742 vulg.
1147 2673 1372 2743 Quodsi.
1410 2702 1477 2712 —
1513 2671 1575 2726 P.
1606 2677 1691 2726 96.
1721 2676 1792 2726 20
1815 2671 2015 2726 rimari
2048 2687 2164 2726 non
2196 2669 2379 2736 Alan.‚

359 2743 502 2796 Bait.
533 2771 600 2781 —
627 2741 690 2795 P.
721 2748 808 2797 97.
837 2748 905 2795 15
941 2744 1173 2797 tribuat
1199 2743 1322 2798 cod.
1349 2741 1417 2809 A,
1448 2741 1634 2798 Madv.
1662 2757 1766 2810 pro
1804 2742 2015 2797 tribuit.
2044 2772 2111 2780 —
2139 2740 2203 2798 P.
2233 2747 2318 2796 99.
2348 2747 2381 2795 6

359 2813 615 2865 intimum
649 2813 804 2864 recte
838 2809 1064 2864 videtur
1092 2811 1396 2865 coniecisse
1428 2809 1604 2863 Jonas
1638 2810 1700 2862 in
1736 2810 1949 2866 dissert.
1996 2811 2179 2866 Berol.
2214 2815 2381 2878 187ος

362 2879 521 2934 codd.
561 2881 619 2933 et
651 2879 805 2948 vulg.
849 2879 1128 2945 ultimum,
1173 2879 1326 2946 quod
1367 2878 1553 2933 Madv.
1590 2877 1674 2932 ita
1719 2879 1986 2950 defendit,
2026 2883 2092 2936 ut
2140 2878 2232 2935 ‘in
2274 2881 2381 2935 hac

361 2948 791 3004 coacervatione
834 2947 929 3002 vix
979 2950 1100 3001 tam
1144 2948 1477 3017 diligentem
1522 2947 1845 3005 Ciceronem
1888 2952 2093 3006 fuisse'
2149 2952 2379 3006 statuat.

359 3020 649 3085 Extremo,
683 3019 720 3075 i.
760 3034 807 3073 e.
843 3018 910 3088 τῇ
952 3020 1288 3092 περιφερείᾳ
1336 3019 1409 3087 (v.
1452 3018 1520 3073 de
1569 3019 1720 3076 deor.
1766 3024 1882 3077 nat.
1928 3022 1983 3077 H
2030 3026 2114 3077 18.
2162 3027 2229 3076 47
2270 3038 2380 3089 ex„

359 3090 519 3144 Varr.
569 3089 638 3143 de
683 3104 744 3144 re
787 3091 924 3143 rust.
969 3089 998 3142 I
1042 3093 1124 3143 51.
1168 3095 1224 3157 13
1271 3089 1417 3146 Tim.
1465 3097 1497 3144 6
1546 3093 1854 3146 extremitas
1903 3093 2182 3161 vocatur),
2228 3094 2381 3146 recte

361 3159 662 3230 opponitur
703 3160 984 3226 intimum,
1027 3157 1065 3216 i.
1113 3175 1161 3216 e.
1205 3159 1478 3230 medium,
1524 3161 1678 3231 quod
1723 3160 1987 3229 quoniam
2030 3162 2217 3230 ipsum
2264 3161 2380 3214 iam

360 3231 680 3300 oppositum
715 3233 840 3286 erat
872 3247 1079 3286 smnmo
1116 3233 1176 3286 et
1207 3233 1421 3300 infimo,
1464 3232 1532 3286 ut
1565 3232 1903 3286 contrarium
1931 3236 2162 3286 extremo
2197 3230 2380 3299 repeti

356 3317 472 3356 non
515 3303 756 3371 poterat.
804 3333 871 3342 —
916 3301 978 3358 P.
1017 3308 1102 3359 99.
1140 3308 1208 3358 22
1253 3304 1494 3358 deorsus
1538 3302 1658 3357 cod.
1705 3300 1772 3356 A.
1854 3299 1997 3354 Mihi
2039 3316 2152 3354 non
2196 3301 2378 3370 magis

358 3388 528 3440 quam
554 3372 842 3442 Madvigio
883 3373 900 3400 ²
916 3373 1060 3427 certi
1083 3373 1390 3443 quidquam
1418 3371 1678 3427 effectum
1710 3370 1779 3424 de
1815 3370 1923 3424 hac
1951 3369 2163 3440 duplici
2194 3370 2381 3426 forma

356 3442 620 3498 videtur?
705 3443 857 3513 Ergo
901 3443 1110 3500 talibus
1152 3444 1215 3499 in
1248 3445 1417 3498 rebus
1463 3441 1519 3496 ei
1551 3439 1896 3507 auctoritati,
1943 3457 2057 3509 qua
2106 3439 2379 3496 maiorem

357 3529 471 3568 non
498 3513 785 3584 habemus,
815 3515 954 3570 cedo
982 3531 1086 3570 nec
1118 3515 1326 3570 ‘ullam
1352 3513 1628 3569 rationem
1646 3510 1797 3565 esse'
1832 3526 2031 3566 censeo
2060 3513 2378 3582 propterea,
