2609 3884
296 179 428 244 412
689 175 1285 234 TUSCULANARUM
1320 137 1927 233 msPUTAmoNUM

296 340 577 408 dedecet.
678 339 786 406 An
843 340 969 406 tibi
1025 338 1219 405 irasci
1275 342 1416 405 tum
1469 339 1789 424 videmur,
1844 360 1991 405 cum
2046 340 2202 424 quid
2254 341 2326 404 in

297 431 508 497 causis
546 430 755 496 acrius
800 434 868 495 et
903 428 1345 494 vehementius
1393 427 1711 493 dicimus?
1758 426 1953 514 quid?
2001 449 2146 493 cum
2191 429 2324 494 iam

294 520 486 585 rebus
520 518 873 584 transactis
904 521 970 582 et
1002 515 1372 602 praeteritis
1401 517 1734 582 orationes
1768 516 2129 602 scribimus,
2166 539 2325 582 num

294 608 449 673 irati
494 606 881 673 scribimus?

427 714 710 816 &cquis
756 731 899 798 hoc
946 729 1548 797 animadvertit?
1595 729 1914 796 vincite!
2351 730 2398 797 ε’

294 896 451 939 num
516 877 629 938 aut
692 874 902 958 egisse
960 895 1271 958 umquam
1324 873 1567 938 iratum
1620 870 1954 956 Aesopum
2013 875 2129 936 aut
2173 873 2328 939 scri·
2417 885 2426 892 ’

294 962 501 1046 psisse
549 961 879 1026 existimas
925 961 1167 1026 iratum
1212 960 1526 1027 Accium?
1614 959 1917 1046 Aguntur
1961 960 2092 1025 ista
2136 983 2328 1044 prae-

296 1050 495 1134 clare,
542 1054 608 1114 et
652 1049 733 1113 ab
781 1053 1036 1114 oratore
1078 1049 1341 1133 quidem
1387 1049 1642 1132 melius,
1689 1049 1746 1113 si
1791 1049 1984 1114 modo
2032 1053 2134 1114 est
2179 1071 2318 1114 ora·

294 1141 425 1221 tor,
481 1159 673 1222 quam
730 1137 812 1202 ab
868 1137 1003 1202 ullo
1058 1137 1407 1222 histrione,
1461 1138 1572 1204 sed
1627 1141 1909 1222 aguntur
1961 1137 2197 1202 leniter
2256 1140 2328 1202 et

295 1227 512 1291 mente
564 1225 940 1308 tranquilla.
1037 1223 1402 1291 Libidinem
1455 1247 1608 1293 vero
1663 1224 1929 1290 laudare
1982 1225 2164 1290 cuius
2221 1231 2328 1292 est
2355 1251 2406 1292 ιο

294 1313 629 1378 libidinis?
729 1313 1235 1379 Themistoclem
1289 1313 1454 1378 mihi
1509 1318 1576 1379 et
1631 1312 2118 1380 Demosthenen
2174 1335 2326 1398 pro-

293 1401 503 1484 fertis,
582 1401 817 1467 additis
852 1422 856 1426 ·
894 1401 1341 1488 Pythagoran,
1411 1401 1888 1487 Democritum,
1956 1400 2327 1467 Platonem.

296 1489 508 1566 Quid?
568 1511 685 1556 vos
746 1489 964 1556 studia
1020 1490 1359 1556 libidinem
1419 1489 1709 1555 vocatis?
1771 1511 1933 1575 quae
1991 1490 2096 1554 vel
2155 1491 2326 1574 opti-

293 1600 546 1643 marum
582 1601 817 1663 rerum,
852 1581 928 1644 ut
955 1600 1031 1644 ea
1058 1581 1228 1662 sunt,
1267 1599 1429 1663 quae
1465 1578 1792 1663 profertis,
1837 1578 2063 1643 sedata
2097 1580 2326 1643 tamen

295 1669 361 1730 et
402 1667 756 1751 tranquilla
800 1688 944 1732 esse
990 1667 1245 1733 debent.
1335 1666 1476 1730 Iam
1523 1667 1993 1752 aegritudinem
2037 1665 2326 1751 laudare,
2354 1691 2403 1734 ιε

296 1777 489 1819 unam
542 1776 681 1819 rem
727 1755 1005 1820 maxime
1061 1754 1540 1838 detestabilem,
1595 1777 1870 1838 quorum
1915 1757 2015 1819 est
2057 1755 2326 1820 tandem

292 1842 877 1926 philosophorum?
965 1843 1060 1908 At
1104 1843 1438 1908 commode
1485 1843 1649 1907 dixit
1694 1841 2032 1908 Afranius:

426 1961 621 2032 Dum
658 1966 878 2032 modo
916 1967 1189 2032 doleat
1226 1966 1553 2052 aliquid,
1599 1965 1860 2032 doleat
1895 1962 2323 2050 quidlubet.

290 2105 477 2171 Dixit
534 2107 709 2171 enim
762 2104 842 2169 de
895 2107 1304 2172 adulescente
1359 2106 1611 2191 perdito
1667 2129 1743 2173 ac
1771 2187 1774 2190 ῃ
1802 2107 2144 2193 dissolute,
2196 2129 2321 2174 nos

294 2197 512 2258 autem
568 2192 646 2257 de
700 2195 1031 2258 constanti
1081 2195 1222 2259 viro
1280 2216 1356 2259 ac
1411 2195 1692 2278 sapienti
1744 2195 2130 2279 quaerimus.
2229 2195 2323 2260 Et
2347 2223 2396 2264 80

291 2281 552 2365 quidem
596 2281 809 2363 ipsam
853 2280 1036 2346 illam
1081 2282 1245 2346 iram
1280 2284 1570 2349 centurio
1615 2282 1858 2349 habeat
1895 2288 2010 2348 aut
2047 2283 2319 2368 signifer

291 2368 392 2434 vel
440 2369 662 2453 ceteri,
716 2367 793 2432 de
847 2369 1082 2453 quibus
1139 2370 1267 2435 dici
1312 2392 1446 2436 non
1487 2392 1748 2437 necesse
1795 2374 1922 2456 est,
1973 2393 2056 2436 ne
2099 2372 2321 2438 rheto-

288 2479 436 2522 rum
492 2457 855 2542 aperiamus
915 2457 1247 2542 mysteria.
1349 2457 1530 2525 Utile
1591 2464 1693 2525 est
1754 2460 1925 2524 enim
1977 2459 2077 2525 uti
2136 2463 2320 2524 motu

292 2546 523 2630 animi,
558 2546 668 2631 qui
704 2546 802 2611 uti
836 2547 1087 2612 ratione
1123 2569 1256 2612 non
1290 2549 1534 2633 potest3
1572 2569 1693 2613 nos
1731 2551 1975 2632 autem,
2020 2550 2098 2613 ut
2129 2548 2317 2613 testi-

289 2635 447 2698 ficor
492 2656 713 2719 saepe,
758 2635 835 2700 de
882 2635 1173 2718 sapiente
1220 2636 1608 2721 quaerimus·
2342 2661 2391 2704 25

184 2691 271 2818 ἓξ
424 2722 517 2786 At
570 2723 744 2787 enim
792 2723 1103 2788 aemulari
1162 2723 1325 2788 utile
1382 2727 1508 2808 est,
1561 2724 1953 2808 obtrectare,
2007 2723 2318 2789 misereri.

291 2806 423 2873 Cur
466 2810 811 2874 misereare
864 2812 1081 2894 potius
1143 2833 1338 2897 quam
1392 2811 1566 2876 feras
1624 2833 1841 2896 opem,
1887 2812 1946 2877 si
1989 2811 2058 2876 id
2103 2811 2319 2877 facere

288 2896 548 2979 possis?
596 2919 680 2961 an
726 2899 863 2963 sine
910 2899 1350 2965 misericordia
1384 2899 1686 2964 liberales
1725 2921 1868 2964 esse
1912 2921 2046 2964 non
2089 2921 2318 2983 possu-

289 2982 477 3048 mus?
575 2981 728 3048 Non
783 2986 955 3050 enim
1002 2987 1326 3070 suscipere
1383 2987 1512 3073 ipsi
1559 2987 2000 3072 aegritudines
2051 2991 2321 3071 propter

290 3071 453 3136 alios
507 3070 842 3154 debemus,
900 3073 1013 3137 sed
1067 3074 1260 3159 alios,
1317 3075 1375 3140 si
1418 3097 1794 3161 possumus,
1849 3076 2064 3141 levare
2109 3075 2317 3160 aegri·
2341 3102 2390 3144 so

287 3158 531 3224 tudine.
622 3158 1001 3224 Obtrectare
1047 3181 1198 3227 vero
1247 3164 1439 3227 alteri
1485 3167 1600 3229 aut
1649 3163 1768 3228 illa
1812 3163 2055 3229 vitiosa
2101 3185 2316 3228 aemu-

287 3246 551 3331 latione,
588 3269 751 3332 quae
788 3247 1101 3313 rivalitati
1139 3249 1371 3315 similis
1410 3253 1527 3336 est,
1573 3251 1888 3316 aemulari
1924 3251 2083 3336 quid
2115 3251 2318 3316 habet

287 3332 619 3417 utilitatis,
669 3355 813 3400 cum
861 3335 949 3400 sit
992 3336 1380 3402 aemulantis
1429 3339 1585 3422 angi
1631 3338 1846 3405 alieno
1895 3340 2097 3424 bono,
2145 3339 2318 3424 quod

287 3419 426 3500 ipse
469 3441 604 3484 non
647 3418 914 3501 habeat,
961 3424 1388 3488 obtrectantis
1427 3429 1644 3490 autem
1683 3427 1838 3511 angi
1875 3427 2088 3493 alieno
2124 3427 2317 3511 bono,

289 3505 459 3587 quod
506 3506 576 3570 id
614 3508 810 3574 etiam
851 3510 1014 3574 alius
1060 3508 1346 3573 habeat?
1420 3510 1542 3587 Qui
1588 3512 1654 3577 id
1693 3514 2044 3598 adprobari
2087 3514 2315 3602 possit,
2340 3539 2385 3586 ω

2523 1397 2569 1438 -ᾳ
