2609 3884
403 157 531 220 174
723 156 821 209 DE
858 154 1148 209 FINIBUS
1184 152 1546 209 BONORUM
1580 154 1677 208 ET
1713 152 2080 208 MALORUM

399 338 540 383 esse
598 316 892 400 scissem,
954 314 1035 380 ad
1097 319 1164 380 te
1227 316 1368 398 ipse
1435 315 1768 380 venissem.
1875 312 2063 398 Heri,
2132 313 2417 398 inquam,

398 405 568 469 ludis
616 403 976 469 commissis
1022 425 1101 468 ex
1152 403 1315 467 urbe
1358 402 1687 485 profectus
1738 402 1889 466 veni
1933 402 2014 466 ad
2058 423 2417 485 vesperum.

400 490 614 558 Causa
675 497 892 557 autem
953 491 1084 555 fuit
1143 491 1270 556 huc
1340 490 1668 575 veniendi,
1738 494 1814 554 ut
1890 489 2203 574 quosdam
2266 489 2419 553 hinc

396 581 601 645 libros
673 601 1052 664 promerem.
1175 580 1267 645 Et
1338 579 1620 662 quidem,
1703 574 1895 662 Cato,
1962 577 2135 643 hanc
2204 579 2418 642 totam

397 669 652 751 copiam
716 668 850 732 iam
912 666 1178 733 Lucullo
1250 671 1479 732 nostro
1549 669 1772 732 notam
1847 687 1989 730 esse
2058 664 2416 749 oportebit3
2442 693 2473 733 5
2587 710 2590 715 -

395 777 547 821 nam
594 756 696 820 his
756 756 943 820 libris
989 776 1136 820 eum
1181 756 1357 820 malo
1404 776 1597 839 quam
1640 754 1891 837 reliquo
1938 758 2175 818 ornatu
2221 753 2419 817 villae

400 844 722 908 delectari.
820 843 946 907 Est
999 843 1175 907 enim
1219 841 1383 907 mihi
1429 863 1705 927 magnae
1751 863 1942 906 curae
1993 838 2418 928 (quamquam

396 931 522 997 hoc
575 929 832 1015 quidem
885 930 1222 1013 proprium
1275 933 1461 994 tuum
1514 950 1750 995 munus
1805 927 1962 1016 est),
2015 933 2090 993 ut
2134 929 2233 993 ita
2278 950 2416 993 eru-

399 1019 640 1101 diatur,
701 1022 776 1081 ut
836 1020 904 1081 et
964 1018 1138 1100 patri
1201 1020 1268 1081 et
1331 1015 1642 1101 Caepioni
1698 1020 1922 1082 nostro
1978 1020 2045 1081 et
2098 1017 2226 1081 tibi
2276 1020 2419 1081 tam

397 1105 762 1189 propinquo
805 1105 1207 1188 respondeat.
1276 1103 1531 1169 Laboro
1578 1107 1794 1169 autem
1828 1124 1962 1170 non
2008 1104 2147 1168 sine
2193 1125 2505 1187 causa31o

397 1214 552 1256 nam
599 1197 665 1257 et
709 1192 818 1258 avi
862 1192 998 1257 eius
1044 1193 1360 1257 memoria
1406 1214 1671 1257 moveor
1716 1188 1866 1278 (nec
1910 1192 2085 1256 enim
2132 1192 2421 1276 ignoras,

399 1280 624 1381 quanti
676 1279 938 1343 fecerim
993 1278 1410 1381 Caepionem,
1463 1280 1604 1364 qui,
1658 1282 1732 1343 ut
1786 1279 2006 1363 opinio
2061 1301 2207 1344 mea
2270 1279 2420 1363 fert,

397 1368 470 1431 in
543 1366 943 1451 principibus
1005 1368 1138 1433 iam
1202 1371 1396 1452 esset,
1462 1368 1520 1431 si
1592 1364 1900 1451 viveret),
1972 1370 2039 1431 et
2107 1365 2421 1435 Lucullus

397 1453 560 1519 mihi
595 1458 893 1519 versatur
928 1459 1078 1519 ante
1116 1456 1364 1539 oculos,
1408 1455 1510 1519 vir
1547 1476 1693 1519 cum
1737 1455 2036 1520 omnibus
2074 1455 2419 1537 excellenS,

396 1546 539 1607 tum
583 1564 832 1607 mecum
878 1547 945 1608 et
998 1542 1286 1608 amicitia
1342 1546 1410 1608 et
1453 1542 1631 1607 omni
1678 1543 2013 1608 voluntate
2060 1544 2415 1607 sententia·
2448 1571 2505 1613 15

329 1652 361 1701 9
399 1651 523 1714 que
596 1630 990 1695 coniunctus.
1112 1625 1453 1695 Praeclare
1470 1679 1489 1714 ,
1558 1630 1798 1715 inquit,
1868 1630 2058 1713 facis,
2130 1652 2277 1695 cum
2350 1634 2421 1695 et

397 1739 618 1783 eorum
675 1719 1054 1782 memoriam
1106 1721 1317 1801 tenes,
1373 1738 1643 1802 quorum
1694 1721 1962 1803 uterque
2023 1717 2149 1782 tibi
2209 1721 2389 1782 testa

395 1809 616 1870 mento
673 1805 912 1870 liberos
969 1827 1119 1870 suos
1174 1804 1676 1887 commendavit,
1732 1808 1799 1869 et
1853 1827 2127 1889 puerum
2173 1805 2417 1891 diligis.

398 1892 584 1968 Quod
630 1895 845 1957 autem
889 1914 1104 1957 meum
1149 1914 1380 1957 munus
1427 1892 1615 1975 dicis,
1658 1913 1791 1958 non
1828 1893 2125 1977 equidem
2165 1914 2417 1977 recus0,
2586 1954 2588 1963 .

397 1979 510 2043 sed
553 1983 619 2042 te
665 1980 947 2080 adiungo
995 1980 1258 2045 socium.
1329 1978 1517 2045 Addo
1557 1980 1753 2044 etiam
1787 1980 1978 2065 illud,
2023 1981 2231 2046 multa
2276 1980 2411 2045 iam
2446 2012 2503 2050 20
2586 1986 2588 2063 J

397 2066 561 2129 mihi
623 2066 773 2130 dare
837 2068 1028 2151 signa
1082 2089 1353 2151 puerum
1409 2071 1475 2131 et
1527 2068 1794 2150 pudoris
1854 2072 1920 2133 et
1974 2068 2246 2153 ingenii,
2300 2069 2416 2133 sed

397 2155 678 2217 aetatem
733 2153 931 2217 vides,
1028 2153 1236 2219 Video
1292 2154 1613 2239 equidem,
1676 2156 1972 2239 inquam,
2027 2156 2140 2221 sed
2191 2160 2419 2221 tamen

394 2240 529 2305 iam
582 2240 759 2305 infici
814 2240 1007 2305 debet
1059 2241 1142 2306 iis
1200 2243 1479 2326 artibus,
1535 2263 1693 2326 quas
1741 2244 1825 2327 si,
1871 2244 2022 2308 dum
2070 2246 2171 2309 est
2212 2258 2418 2329 tener,

397 2328 806 2411 combiberit,
869 2329 952 2393 ad
1021 2329 1271 2394 maiora
1333 2331 1549 2394 veniet
1621 2332 1928 2414 paratior.
1998 2367 2075 2379 —
2145 2329 2275 2410 Sic,
2350 2335 2419 2395 et

397 2415 652 2499 quidem
699 2378 1074 2500 diligentius
1121 2417 1503 2502 saepiusque
1547 2418 1677 2483 ista
1713 2419 2049 2502 loquemur
2084 2419 2254 2483 inter
2290 2441 2414 2485 nos
2446 2449 2505 2489 25
2584 2422 2586 2431 ²

398 2523 786 2588 agemusque
849 2505 1291 2569 communiter.
1402 2504 1527 2571 Sed
1588 2506 1972 2589 residamus,
2041 2506 2283 2591 inquit,
2358 2508 2417 2573 si

396 2593 623 2675 placet.
713 2591 942 2677 Itaque
985 2592 1275 2658 fecimus,

528 2679 693 2743 Tum
746 2679 888 2743 ille:
969 2679 1068 2744 Tu
1123 2684 1342 2745 autem
1406 2701 1551 2745 cum
1602 2682 1743 2764 ipse
1786 2683 2045 2745 tantum
2099 2682 2415 2747 librorum

395 2765 669 2850 habeas,
733 2788 893 2849 quos
956 2766 1064 2832 hic
1133 2768 1397 2833 tandem
1472 2768 1789 2852 requiris?
1897 2766 2413 2836 Commentarios

397 2853 736 2936 quosdam,
770 2853 1064 2938 inquam,
1100 2855 1543 2939 Aristotelios,
1589 2877 1747 2939 quos
1784 2854 1894 2921 hic
1935 2857 2217 2922 sciebam
2254 2878 2414 2943 esse,
2440 2885 2504 2926 eo

394 2939 544 3003 veni
588 2943 664 3004 ut
709 2940 1052 3024 auferrem,
1106 2963 1268 3025 quos
1315 2943 1623 3028 legerem,
1681 2944 1834 3008 dum
1879 2965 2088 3009 essem
2134 2944 2411 3032 otiosus3

397 3026 566 3108 quod
602 3027 861 3110 quidem
895 2991 1086 3092 nobis
1122 3051 1257 3094 non
1293 3052 1487 3114 saepe
1517 3031 1855 3116 contingit.
1912 3031 2120 3106 Quam
2161 2997 2413 3116 vellem,

393 3113 633 3214 inquit,
693 3117 759 3177 te
821 3114 904 3177 ad
970 3113 1221 3180 Stoicos
1283 3117 1757 3183 inclinavissesl
1864 3118 2030 3184 Erat
2092 3120 2292 3203 enim,
2356 3122 2415 3185 si

395 3201 802 3285 cuiusquam,
846 3207 1018 3267 certe
1055 3205 1238 3267 tuum
1273 3204 1441 3268 nihil
1477 3209 1734 3287 praeter
1768 3206 2075 3271 virtutem
2114 3207 2184 3272 in
2221 3207 2411 3273 bonis

396 3287 639 3353 ducere.
737 3252 930 3374 Vide,
987 3311 1070 3354 ne
1125 3311 1337 3374 mag1s
1348 3341 1365 3375 ,
1420 3292 1709 3377 inquam,
1762 3296 1947 3358 tuum
1991 3294 2215 3377 fuerit,
2262 3316 2410 3359 cum
2436 3321 2497 3363 ³5
2583 3350 2584 3355 ,

392 3395 461 3438 16
497 3376 669 3439 idem
706 3377 856 3460 tibi,
903 3376 1071 3460 quod
1108 3378 1297 3461 m1h1,
1345 3379 1691 3457 videretur,
1734 3402 1869 3445 non
1902 3402 2073 3447 nova
2112 3385 2179 3446 te
2215 3384 2409 3447 rebus

393 3462 659 3527 nomina
685 3463 1034 3549 imponere.
1089 3464 1284 3530 Ratio
1314 3466 1489 3530 enim
1524 3470 1755 3531 nostra
1782 3468 2121 3553 consentit,
2155 3474 2413 3557 pugnat

296 2734 360 2783 10
