2609 3884
358 179 596 234 XXVIII
989 174 1416 231 ADNOTATIO
1456 174 1757 230 CRITICA.

360 339 632 392 bitrentur
662 336 763 389 aut
798 335 943 404 quod
976 335 1158 404 (quia)
1183 335 1532 390 arbitrantur
1560 334 1859 388 dicendum
1893 334 2065 388 fuisse
2092 333 2383 404 videtur’),

359 407 504 461 Bait.
553 406 639 461 ed.
679 405 798 471 Or„
850 406 994 474 quod
1032 435 1098 445 —
1137 406 1487 459 arbitrantur
1528 404 1615 460 ed
1652 404 1898 459 Tauchn.
1974 405 2116 458 Mihi
2152 407 2297 474 quod
2331 422 2389 459 se

361 479 698 533 arbitrentur
733 490 894 544 posse
938 490 1248 544 coqnoscere
1292 476 1492 529 eodem
1534 475 1705 529 modo
1749 491 1854 543 pro
1901 477 2071 544 quod,
2117 480 2183 529 ut
2236 477 2385 530 arbi-

359 552 609 613 trantur,
659 547 872 615 possint
924 561 1233 615 coqnoscere
1288 545 1502 599 dictum
1554 546 1779 600 videtur
1794 587 1809 613 ,
1874 561 1988 614 quo
2043 545 2189 600 solet
2242 547 2389 615 quod

361 620 572 674 diceret.
681 615 760 670 cf.
828 614 980 670 Caes.
1045 615 1100 672 b.
1158 615 1304 670 (4.1
1359 622 1444 671 23.
1502 622 1535 670 3
1598 614 1869 682 Helvetii,
1940 631 2037 670 seu
2108 617 2252 685 quod
2316 646 2387 656 —

359 689 733 743 existimarent
788 716 883 752 -——,
943 687 1056 740 sive
1117 701 1204 752 eo,
1255 687 1404 755 quod
1459 713 1528 726 -
1584 687 1913 753 confiderent
1975 715 2073 753 -—,
2134 687 2391 741 lacessere

359 761 674 840 coeperunt,
726 756 858 811 bell.
904 757 1060 810 Alex.
1117 761 1203 811 25.
1254 764 1286 810 6
1344 756 1451 810 Cui
1502 757 1810 811 subsidium
1860 772 2015 810 nemo
2068 757 2223 822 tulit,
2276 759 2393 810 sive

358 830 504 897 quod
537 829 603 881 in
636 829 758 895 ipso
791 828 930 881 satis
961 827 1234 893 praesidii
1265 830 1591 893 putarent
1626 841 1760 894 esse,
1805 827 1918 879 sive
1950 827 2095 908 quod
2129 826 2244 894 ipsi
2278 828 2391 880 sibi

359 899 686 978 timebant,
733 895 844 950 Cic.
884 896 954 948 de
994 912 1071 949 or.
1116 896 1143 948 I
1180 900 1266 949 20.
1308 901 1374 949 91
1412 897 1477 949 in
1512 897 1709 964 quibus
1744 897 1935 962 etiam,
1982 897 2095 950 sive
2128 898 2223 950 ille
2256 898 2389 950 irri-

359 969 516 1031 dens,
561 967 673 1020 sive
717 965 860 1033 quod
903 966 989 1018 ita
1027 969 1256 1032 putaret
1298 971 1460 1034 atque
1507 969 1592 1020 ita
1637 966 1902 1030 audisset,
1945 982 2027 1020 me
2053 967 2390 1034 proferebat,

359 1037 516 1091 Caes,
563 1035 616 1088 b.
668 1034 772 1089 civ.
819 1034 872 1087 H
915 1039 1074 1089 30.1
1121 1034 1313 1088 Erant
1356 1037 1676 1100 sententiae,
1731 1051 1869 1104 quae
1913 1036 2225 1090 conandum
2270 1053 2390 1091 cen·

358 1110 560 1171 serent,
604 1105 748 1174 quod
794 1134 861 1143 —
909 1105 1348 1169 arbitrarentur,
1396 1104 1508 1158 Cic.
1558 1104 1669 1158 div.
1716 1105 1770 1158 H
1806 1110 1892 1158 20.
1928 1111 1999 1158 46
2046 1107 2191 1173 quod
2226 1107 2388 1160 intel-

343 1179 554 1246 .leqeres
600 1205 698 1240 —,
740 1175 917 1228 multa
959 1175 1122 1228 verba
1165 1175 1375 1239 fecisti,
1427 1173 1547 1229 Liv.
1594 1174 1673 1227 VI
1718 1181 1767 1229 2.
1807 1179 1839 1228 9
1885 1174 2083 1243 quibus
2136 1176 2207 1229 ab
2262 1191 2389 1230 con-

359 1251 591 1314 temptu,
635 1246 781 1313 quod
815 1259 992 1312 prope
1035 1258 1240 1298 omnem
1285 1245 1513 1298 deletam
1547 1245 1876 1326 iuventutem
1911 1245 2210 1310 crederent,
2254 1261 2389 1314 pro-

358 1318 528 1385 fectis.
615 1315 725 1384 Qui
778 1315 966 1368 autem
1011 1329 1115 1383 pro
1162 1315 1309 1383 quod
1362 1313 1633 1383 scriptum
1686 1313 1746 1368 in
1800 1313 1962 1368 codd.
2020 1331 2145 1369 cum
2202 1331 2389 1386 saepe,

358 1390 480 1441 tum
506 1404 562 1455 p.
593 1391 713 1438 256.
745 1391 794 1438 2.
827 1414 894 1424 -
921 1384 984 1437 Ρ.
1014 1390 1134 1438 260.
1165 1391 1198 1437 3
1231 1384 1383 1453 Quin
1416 1400 1485 1437 ne
1518 1387 1592 1449 (te
1618 1385 1691 1451 E)
1717 1385 1915 1438 bestiae
1950 1386 2166 1452 quidem
2201 1387 2389 1454 codd„

359 1456 532 1524 Bait„
601 1455 690 1508 Ne
736 1455 862 1508 best.
909 1455 1059 1523 quid.
1105 1453 1291 1508 Madv.
1351 1485 1419 1494 —
1472 1453 1535 1507 P.
1580 1461 1701 1510 260.
1750 1460 1783 1509 8
1827 1456 2106 1523 yerundis
2149 1456 2293 1510 Bait.
2352 1474 2391 1511 a

358 1526 558 1581 Nonio.
600 1555 668 1565 -—
703 1524 763 1578 P.
793 1529 913 1580 260.
955 1529 1022 1578 21
1031 1526 1272 1605 possint
1308 1525 1464 1592 Ern„
1500 1524 1645 1578 Bait.
1654 1529 1932 1593 ,possunt
1967 1525 2157 1593 codd„
2194 1526 2387 1582 Madv.

358 1598 517 1651 Idem
561 1595 826 1649 mendum
887 1596 974 1649 est
1025 1592 1087 1648 in
1138 1595 1298 1650 codd.
1354 1612 1410 1664 p.
1458 1600 1580 1650 261.
1628 1602 1660 1649 6
1716 1597 1775 1649 et
1819 1595 2159 1664 saepissime.
2208 1627 2277 1637 —
2324 1598 2387 1651 P.

361 1673 482 1722 260.
523 1671 590 1720 29
637 1666 940 1719 maioribus
991 1667 1210 1720 minora
1253 1664 1469 1732 Madv„
1518 1666 1819 1720 maioribus
1867 1667 2172 1720 minoribus
2223 1667 2387 1722 codd.

360 1737 497 1805 BE,
541 1737 762 1790 minora
806 1736 1108 1790 maioribus
1141 1735 1292 1805 vulg.
1334 1766 1401 1775 —
1436 1707 1497 1789 P.
1538 1741 1660 1789 261
1689 1741 1758 1790 30
1804 1741 1881 1790 est
1922 1736 2109 1790 Madv.
2163 1737 2251 1791 ed.
2290 1738 2389 1806 III,

361 1825 470 1862 om.
501 1806 662 1862 codd.
693 1806 821 1874 BE,
858 1807 932 1861 sit
965 1807 1118 1875 vulg.
1158 1837 1222 1848 -
1261 1806 1325 1860 P.
1362 1812 1481 1860 261.
1514 1809 1581 1859 36
1620 1811 1852 1860 consent.
1890 1812 2022 1860 sunt
2058 1806 2219 1862 codd.
2257 1809 2389 1876 ΒΕ,

359 1877 574 1945 Madv„
610 1882 742 1931 sunt
777 1892 918 1931 cons.
959 1877 1120 1932 codd.
1161 1874 1595 1945 (106.,Βει.16.--
1627 1876 1689 1929 P.
1720 1882 1839 1931 262.
1870 1881 1903 1929 2
1940 1893 2180 1946 quaeque
2215 1879 2389 1946 siqni-

359 1919 590 2016 ficentur
624 1947 813 2002 Madv.
843 1946 1065 2016 sci-ipe„
1103 1947 1246 2002 coni.
1277 1948 1469 2000 autem
1495 1962 1733 2015 quaeque
1762 1947 2143 2014 siqnifieentur
2168 1963 2391 2003 eorum

360 2018 665 2084 vocabulis,
712 2020 827 2087 opt.
877 2017 1036 2072 codd.
1084 2033 1324 2086 quaeque
1365 2018 1481 2070 sint
1513 2017 1743 2070 notitiae
1777 2033 2019 2085 quaeque
2060 2019 2391 2087 siqnificent,

359 2088 504 2143 Bait.
552 2087 843 2142 Davisium
889 2089 1112 2142 secutus
1157 2087 1457 2155 quibusque
1508 2087 1900 2155 siqnificentur.
1946 2118 2019 2128 —-
2061 2089 2123 2142 P.
2164 2094 2285 2142 262.
2318 2095 2391 2143 24

358 2160 526 2213 huius
561 2175 592 2213 e
628 2158 815 2214 Madv.
855 2157 998 2212 coni.
1028 2155 1174 2211 Bait.
1203 2187 1271 2196 —
1297 2157 1361 2212 P.
1399 2162 1521 2212 262.
1548 2161 1617 2211 28
1655 2157 1787 2228 [in]
1822 2159 2145 2227 leyendoque
2179 2159 2388 2227 Madv„

359 2230 423 2283 in
460 2229 566 2283 del.
603 2229 772 2296 Bait.-
809 2227 920 2283 vid.
959 2227 1034 2282 ad
1079 2244 1134 2296 p.
1173 2232 1254 2283 10.
1296 2232 1383 2280 20.
1420 2257 1491 2267 -
1525 2226 1585 2281 P.
1614 2233 1738 2283 263.
1767 2234 1839 2282 30
1874 2230 2019 2296 quod
2056 2229 2218 2282 codd.
2256 2229 2389 2297 ΒΕ,

359 2300 578 2369 Madv,
615 2315 720 2369 quo
757 2299 868 2352 (106.
907 2297 1097 2363 codd.
1132 2297 1277 2351 Bait.
1306 2328 1379 2336 —
1405 2296 1466 2351 P.
1501 2303 1621 2353 264.
1657 2304 1721 2351 10
1758 2299 1953 2364 fwndet
1986 2314 2044 2352 se
2078 2298 2240 2352 codd.
2274 2300 2387 2367 ΒΕ,

359 2371 573 2437 Madv„
619 2386 674 2424 se
716 2369 912 2436 fundet
956 2366 1117 2422 codd.
1169 2366 1309 2435 (106,
1356 2367 1527 2434 Baitn
1574 2383 1681 2421 usu
1727 2384 1834 2421 om.
1884 2368 1926 2419 B
1945 2369 2018 2434 E,
2069 2369 2198 2421 secl.
2236 2369 2389 2423 Bait.

358 2472 430 2482 —
482 2441 543 2494 P.
582 2445 702 2493 2.64
760 2445 828 2492 32
875 2442 1037 2507 atque
1081 2453 1266 2492 errore
1314 2453 1422 2491 οιιι.
1474 2437 1534 2491 1ιι
1586 2438 1825 2505 uti-aque
1882 2437 1969 2491 ed.
2015 2437 2160 2491 Bait.
2206 2469 2279 2479 —
2322 2439 2389 2494 P.

358 2516 479 2566 264.
509 2515 578 2564 36
613 2525 712 2563 nec
748 2508 910 2563 codd.
950 2508 1092 2577 opt„
1128 2523 1298 2578 neque
1332 2506 1548 2575 Madv„
1588 2507 1735 2561 Bait.
1773 2537 1844 2549 -
1878 2507 1939 2561 P.
1972 2513 2195 2563 26514
2229 2513 2389 2564 uten-

357 2587 434 2635 tes
478 2583 536 2635 06
580 2584 844 2648 tanquam
889 2579 996 2634 del.
1044 2549 1218 2646 B’ait„
1264 2583 1568 2648 sequuntur
1615 2578 1858 2649 [utentes
1902 2578 2217 2649 tamquam]
2252 2581 2393 2634 duce

356 2652 543 2705 Madv.
573 2680 642 2690 —
669 2649 731 2705 P.
762 2656 883 2705 266.
914 2657 946 2706 8
974 2651 1202 2716 fecerint
1226 2649 1451 2717 Lamb„
1487 2648 1634 2703 Bait.
1664 2648 1748 2703 ed.
1781 2648 1901 2716 Or.
1937 2649 2143 2718 Madv„
2181 2652 2392 2719 eyerint

358 2720 549 2786 codd„
585 2722 809 2774 iecerint
836 2719 1019 2774 Gifan.
1033 2720 1218 2788 ,Bait.
1249 2721 1337 2775 ed.
1373 2720 1619 2774 Tauchn.
1651 2750 1718 2761 —
1745 2719 1807 2774 P.
1836 2725 1956 2774 266.
1988 2726 2055 2774 13
2083 2721 2392 2787 fateantur,

357 2789 510 2858 quod
537 2789 824 2858 Madvigio
863 2806 1084 2858 quoque
1118 2791 1180 2843 in
1204 2792 1453 2844 mentem
1477 2789 1651 2857 venit,
1687 2806 1801 2844 non
1836 2789 2088 2846 dubitavi
2126 2789 2388 2859 scribere,

355 2860 675 2927 fatebantur
721 2860 842 2912 cod.
890 2861 936 2912 B
974 2861 1032 2912 et
1069 2860 1236 2927 (1066,
1280 2859 1455 2928 Bait„
1501 2859 1748 2926 fatentur
1794 2860 1915 2917 cod.
1949 2861 2026 2930 Ε,
2071 2859 2286 2928 Madv„
2333 2879 2388 2916 v.

357 2929 432 2983 ad
476 2947 531 2997 p.
580 2933 664 2982 68.
709 2930 962 3011 ¹4.(38⁷·
1006 2929 1108 2996 15).
1157 2958 1227 2970 —
1269 2927 1335 2982 P.
1375 2935 1495 2984 266.
1538 2934 1605 2983 14
1657 2931 1954 2986 honestatis
2005 2946 2139 2986 esse
2181 2901 2389 3001 Ma’dv„

357 3014 464 3054 esse
508 3002 722 3053 tantam
765 2999 875 3052 vim
921 3001 992 3065 (v.
1034 3001 1122 3067 13)
1167 2997 1313 3052 Bait.
1362 2998 1449 3052 ed.
1498 2999 1744 3055 Tauchn.
1782 3031 1855 3042 -
1888 3000 1949 3057 Ρ.
1989 3008 2111 3056 266.
2150 3007 2221 3055 34
2266 3019 2386 3070 sqq.

357 3073 630 3139 quaerunt
674 3097 744 3108 —
787 3069 987 3123 habent
1028 3097 1100 3108 —-·
1144 3069 1339 3122 dicunt
1381 3069 1607 3137 Lamb„
1655 3071 1829 3139 Bait„
1879 3077 2256 3140 quaerant—-
2288 3073 2387 3126 ha·

357 3141 520 3194 beant
554 3168 624 3180 —
661 3139 852 3194 dicant
889 3138 1079 3207 codd„
1117 3155 1244 3193 cum
1281 3155 1445 3194 cruce
1479 3141 1695 3210 Madv„
1733 3141 1825 3196 cui
1864 3143 1983 3195 ‘ter
2017 3141 2389 3196 indicativum

356 3224 626 3279 reponere
687 3210 872 3264 audax
923 3208 1184 3264 videtui-,⁹
1233 3240 1306 3250 —
1350 3210 1411 3265 P.
1459 3217 1578 3265 266.
1626 3183 1695 3265 35’
1743 3229 1821 3280 sq.
1870 3213 2161 3267 dumtaxat
2207 3213 2389 3278 primo

358 3280 518 3334 codd.
554 3280 695 3347 BE,
730 3280 944 3347 Madv„
983 3281 1168 3349 primo
1206 3281 1373 3335 dumt.
1414 3281 1526 3336 det.
1581 3281 1771 3349 codd„
1821 3281 1967 3336 Bait.
2006 3311 2077 3322 —-
2110 3283 2173 3336 P.
2202 3288 2323 3336 267.
2356 3288 2384 3336 1

355 3351 573 3416 faciant
615 3350 772 3419 Em,
818 3350 991 3418 Bait„
1035 3351 1255 3418 faciunt
1289 3351 1491 3432 codd.
1538 3350 1757 3415 Madv„
1802 3370 1855 3406 v.
1894 3352 1969 3405 ad
2018 3369 2073 3421 p.
2115 3358 2278 3406 7.13.
2318 3383 2387 3392 —-

354 3420 416 3473 P.
447 3426 567 3474 267.
599 3425 668 3474 35
703 3422 788 3476 ita
822 3437 926 3490 pro
963 3423 1074 3476 ista
1106 3419 1253 3474 Bait.
1283 3418 1347 3473 in
1380 3421 1617 3486 utraque
1654 3391 2052 3487 edi'12.invitus‚
2092 3422 2276 3476 credo.
2314 3451 2389 3464 -—

353 3489 415 3542 P.
447 3495 566 3544 269.
602 3496 664 3544 11
697 3491 906 3546 aberret
935 3489 1157 3558 scripsi,
1193 3489 1389 3543 habeat
1416 3488 1605 3555 codd„
1644 3489 1803 3543 abeat
1828 3488 2033 3556 Madv„
2070 3494 2108 3557 †
2137 3505 2235 3544 cur
2262 3496 2387 3546 tan-
