2609 3884
713 147 848 203 ΠΒ.
886 147 954 202 v.
1009 146 1162 203 CAP.
1204 154 1298 215 12,
1339 153 1421 204 13.
1478 152 1509 216 ς
1544 152 1789 205 84—38.
2128 149 2257 214 251

241 332 482 393 earum,
517 331 684 394 quae
719 309 790 375 in
815 310 1152 374 voluntate
1186 309 1443 393 positae
1475 310 1683 394 magis
1711 310 1973 394 proprio
1999 312 2259 377 nomine

242 399 557 483 appellari
611 398 852 480 solent,
916 418 1190 481 quarum
1247 400 1347 462 est
1400 398 1717 463 excellens
1773 398 1841 462 in
1898 398 2259 465 animorum

240 487 433 552 laude
486 485 905 571 praestantia.
1004 484 1250 551 Prioris
1297 486 1553 571 generis
1599 488 1699 550 est
1752 485 2081 571 docilitas,
2128 509 2259 553 me-

241 576 478 659 moria3
566 595 730 659 quae
809 573 946 639 fere
1028 574 1248 638 omnia
1322 573 1732 657 appellantur
1802 596 1932 640 uno
2014 576 2263 659 ingenii

187 687 216 728 ο
241 663 534 745 nomine,
579 683 812 747 easque
855 662 1128 727 virtutes
1174 661 1286 745 qui
1331 660 1605 745 habent,
1658 662 1984 747 ingeniosi
2028 684 2259 729 vocan-

242 755 367 816 tur.
439 750 738 816 Alterum
775 753 992 815 autem
1028 769 1232 834 genus
1280 751 1384 814 est
1417 769 1801 834 magnarum
1838 771 2261 836 verarumque

241 839 586 922 virtutum,
622 860 780 924 quas
817 837 1222 922 appellamus
1260 837 1686 921 voluntariaS,
1720 840 1797 903 ut
1833 839 2262 923 prudentiam,

240 926 742 1011 temperantiam
759 977 779 1010 ,
856 925 1306 992 fortitudinem
1322 974 1343 1011 ,
1422 924 1745 992 iustitiam
1831 930 1897 991 et
1976 928 2259 1012 reliquas

241 1016 499 1101 generis
545 1014 850 1081 eiusdem.

157 1130 214 1170 ιο
372 1102 465 1168 Et
509 1103 885 1168 summatim
929 1102 1188 1188 quidem
1233 1102 1397 1169 haec
1442 1106 1628 1167 erant
1684 1102 1765 1168 de
1810 1124 2078 1187 corpore
2124 1104 2261 1169 ani·

238 1213 474 1276 moque
526 1190 822 1276 dicenda,
889 1191 1122 1277 quibus
1177 1191 1367 1276 quasi
1428 1190 1853 1257 informatum
1918 1194 2047 1275 est,
2106 1192 2258 1277 quid

237 1279 523 1346 hominis
591 1283 828 1345 natura
895 1278 1212 1363 postulet3
1295 1300 1375 1343 ex
1445 1300 1574 1363 quo
1645 1279 2061 1363 perspicuum
2141 1284 2260 1364 est,
2295 1292 2360 1342 3⁷

243 1368 548 1454 quoniam
578 1368 709 1452 ipsi
747 1389 786 1433 a
820 1367 1012 1433 nobis
1060 1367 1409 1453 diligamur
1446 1367 1791 1453 omniaque
1829 1370 1895 1431 et
1936 1368 2007 1432 in
2044 1368 2260 1434 animo

243 1460 310 1522 et
361 1456 434 1521 in
485 1477 755 1540 corpore
809 1454 1098 1539 perfecta
1152 1455 1427 1520 velimus
1494 1476 1661 1539 esse,
1727 1476 1807 1519 ea
1866 1455 2056 1521 nobis
2118 1456 2264 1540 ipsa

156 1570 213 1611 ιε
241 1566 393 1611 cara
445 1564 586 1609 esse
638 1548 910 1628 propter
963 1565 1058 1627 se,
1111 1547 1180 1609 et
1229 1544 1300 1608 in
1352 1543 1438 1609 iis
1493 1565 1633 1609 esse
1688 1543 1770 1608 ad
1824 1544 1988 1609 bene
2048 1544 2260 1609 viven-

241 1634 394 1699 dum
439 1636 769 1699 momenta
814 1632 1112 1698 maxima.
1200 1630 1377 1697 Nam
1430 1632 1534 1697 cui
1586 1631 1929 1716 proposita
1978 1632 2068 1698 sit
2112 1653 2261 1697 con-

241 1721 524 1787 servatio
572 1720 700 1805 sui,
743 1741 1003 1786 necesse
1041 1723 1144 1785 est
1187 1719 1341 1785 huic
1377 1722 1597 1804 partes
1642 1741 1895 1805 quoque
1936 1719 2039 1785 sui
2074 1740 2259 1785 caras

240 1831 382 1876 esse
445 1809 874 1893 carioresque,
940 1830 1066 1894 quo
1124 1808 1548 1893 perfectiores
1609 1808 1740 1872 sint
1797 1811 1864 1872 et
1922 1808 2132 1893 magis
2191 1808 2262 1873 in

241 1920 361 1963 suo
408 1917 640 1983 genere
683 1896 1059 1963 laudabiles.
1149 1896 1252 1961 Ea
1297 1896 1473 1961 enim
1517 1895 1653 1961 vita
1698 1895 2049 1997 expetitur,
2094 1918 2261 1981 quae

157 2010 216 2050 20
245 1986 335 2051 sit
397 1985 601 2050 animi
663 1986 1076 2071 corporisque
1141 1984 1397 2069 expleta
1464 1984 1844 2066 virtutibuS,
1914 1984 1987 2049 in
2058 2005 2261 2069 eoque

245 2094 570 2138 summum
622 2073 864 2139 bonum
918 2074 1074 2157 poni
1126 2094 1390 2139 necesse
1445 2075 1571 2156 est,
1625 2034 2143 2158 quandoquidem
2194 2070 2259 2139 id

242 2162 378 2226 tale
423 2181 564 2225 esse
600 2159 815 2243 debet,
859 2164 934 2225 ut
967 2182 1183 2226 rerum
1220 2159 1718 2245 expetendarum
1758 2162 1849 2227 sit
1884 2165 2261 2227 extremum.

245 2249 389 2326 Quo
435 2249 700 2333 cognito
746 2248 1026 2314 dubitari
1069 2270 1204 2315 non
1246 2253 1493 2334 potest,
1547 2249 1727 2333 quin,
1782 2272 1927 2314 cum
1972 2250 2103 2334 ipsi
2145 2250 2259 2315 ho-

243 2338 452 2403 mines
499 2336 626 2402 sibi
671 2337 805 2401 sint
845 2358 962 2421 per
997 2358 1066 2401 se
1113 2341 1179 2402 et
1215 2360 1335 2403 sua
1371 2340 1603 2422 sponte
1641 2337 1801 2422 cari,
1845 2341 2063 2423 partes
2110 2360 2261 2423 quo-

155 2450 214 2491 25
243 2447 368 2512 que
413 2427 481 2489 et
525 2425 814 2509 corporis
869 2428 938 2490 et
981 2426 1185 2490 animi
1239 2428 1304 2489 et
1352 2448 1573 2491 earum
1615 2448 1854 2509 rerum,
1900 2448 2063 2510 quae
2112 2429 2263 2491 sunt

239 2515 313 2579 in
365 2514 702 2598 utriusque
754 2516 935 2579 motu
993 2516 1060 2578 et
1112 2517 1314 2597 statu,
1361 2536 1477 2579 sua
1522 2514 1791 2579 caritate
1850 2514 2150 2580 colantur
2193 2517 2261 2579 et

238 2602 726 2757 {33133235322
748 2604 1214 2756 Ἑὲἕῖἐῗῖἒὲθ
1246 2600 2259 2775 ἓέᾆὲΐέηὲῗὲῗῖἶᾶῗῖἐῇζὲἔὲ
2294 2622 2364 2672 ³⁸

239 2779 591 2863 plurimum
661 2777 906 2844 habent
975 2778 1352 2863 dignitatis,
1423 2783 1497 2843 ut
1582 2778 1869 2862 optimae
1953 2778 2261 2863 cuiusque

151 2890 214 2931 so
240 2868 474 2952 partis,
539 2887 704 2952 quae
766 2889 882 2950 per
945 2888 1015 2931 se
1069 2871 1437 2951 expetatur,
1492 2866 1700 2932 virtus
1760 2866 1850 2931 sit
1905 2866 2261 2951 expetenda

241 2955 536 3020 maxime.
642 2952 748 3019 Ita
807 2954 947 3039 fiet,
1007 2957 1085 3019 ut
1146 2955 1349 3020 animi
1410 2954 1615 3020 virtus
1679 2955 1966 3039 corporis
2031 2955 2259 3020 virtuti

241 3045 678 3127 anteponatur
713 3042 1037 3128 animique
1072 3043 1348 3108 virtutes
1387 3064 1522 3109 non
1557 3042 1959 3109 voluntarias
1996 3044 2261 3109 vincant

239 3131 516 3196 virtutes
577 3130 1012 3209 voluntariae,
1085 3152 1249 3215 quae
1324 3131 1583 3215 quidem
1654 3131 1915 3215 proprie
1986 3132 2259 3197 virtutes

241 3219 658 3321 appellantur
701 3218 1104 3302 multumque
1159 3218 1512 3303 excellunt,
1566 3222 1911 3303 propterea
1962 3219 2133 3305 quod
2181 3241 2260 3284 ex

153 3333 212 3376 ⁸5
239 3307 494 3373 ratione
540 3307 923 3391 gignuntur,
977 3328 1106 3390 qua
1155 3307 1325 3372 nihil
1369 3310 1474 3372 est
1525 3307 1595 3372 in
1652 3307 1916 3373 homine
1961 3308 2259 3373 divinius.

239 3395 506 3461 Etenim
543 3395 831 3461 omnium
865 3415 1098 3479 rerum,
1135 3417 1296 3479 quas
1336 3399 1402 3461 et
1436 3398 1616 3461 creat
1648 3399 1886 3460 natura
1918 3398 1984 3461 et
2018 3399 2257 3478 tuetur,

241 3504 409 3570 quae
454 3486 570 3548 aut
611 3482 747 3549 sine
785 3481 1004 3548 animo
1041 3486 1195 3548 sunt
1229 3486 1345 3549 aut
1375 3504 1503 3551 non
1543 3484 1750 3549 multo
1790 3504 1990 3568 secus,
2035 3504 2259 3547 earum
