2609 3884
613 159 1205 217 ACADEMICORUM
1237 158 1775 216 POSTERIORUM.
2124 162 2208 227 89

179 346 344 389 nam
410 327 639 389 eontra
702 344 812 389 eos
883 321 1298 406 potissimum
1361 320 1895 387 Academicorum
1971 324 2213 388 exarsit

181 412 540 513 ingenium.
621 410 800 496 Ergo
840 410 1011 475 Zeno
1058 410 1162 474 vel
1209 407 1612 495 Chrysippus
1658 410 1717 475 si
1760 409 2211 496 interrogetur,

182 500 334 585 quis
401 500 490 565 sit
553 499 838 583 sapiens,
899 497 1321 582 respondebit
1376 520 1523 562 eum
1586 519 1755 583 esse,
1817 520 2009 582 quem
2070 500 2209 583 ipse

183 587 628 671 descripserit3
693 591 925 653 contra
984 586 1306 681 Epicurus
1370 586 1475 650 vel
1538 586 1681 669 quis
1746 586 1912 652 alius
1984 586 2207 652 adver-

123 702 154 743 5
185 677 514 741 sariorum
543 675 820 763 pegabit
855 696 1166 758 suumque
1208 673 1431 757 potius
1471 674 1941 757 peritissimum
1986 675 2209 758 volup-

183 768 402 829 tatum
459 785 771 845 aucupem
825 763 1185 846 sapientem
1242 783 1381 826 esse
1440 761 1802 827 contendet.
1907 761 2065 827 Inde
2127 764 2209 827 ad

181 852 491 935 iurgium.
590 850 848 917 Clamat
899 848 1100 933 Zeno,
1155 852 1221 914 et
1273 840 1419 914 tota
1469 849 1585 913 illa
1638 850 1928 934 porticus
1971 851 2208 915 tumul-

181 943 438 1023 tuatur,
507 938 836 1003 hominem
898 941 1127 1003 natum
1193 937 1274 1001 ad
1337 937 1503 1002 nihil
1570 938 1747 1002 aliud
1810 960 1951 1003 esse
2015 960 2210 1022 quam

179 1027 630 1109 honestatem,
674 1027 886 1111 ipsam
924 1048 1042 1091 suo
1079 1025 1423 1109 splendore
1460 1026 1541 1091 ad
1580 1047 1649 1090 se
1686 1026 1936 1092 animos
1978 1026 2208 1091 ducere

99 1142 154 1182 10
179 1116 370 1181 nullo
437 1136 700 1199 prorsus
757 1113 1095 1180 commodo
1151 1114 1551 1179 extrinsecus
1614 1113 1829 1198 posito
1896 1118 1963 1178 et
2024 1115 2209 1198 quasi

181 1203 598 1269 lenocinante
627 1202 936 1286 mercede,
971 1202 1499 1285 voluptatemque
1533 1202 1715 1267 illam
1740 1201 2009 1285 Epicuri
2050 1202 2208 1267 solis

183 1293 366 1356 inter
411 1311 480 1355 se
522 1291 864 1373 pecoribus
911 1311 1050 1355 esse
1094 1310 1529 1371 communem,
1578 1290 1650 1354 in
1695 1312 1961 1374 quorum
2013 1290 2210 1355 socie·

183 1384 398 1443 tatem
457 1382 523 1443 et
574 1379 906 1443 hominem
962 1381 1028 1442 et
1083 1378 1443 1461 sapientem
1495 1378 1755 1442 trudere
1807 1378 1991 1443 nefas
2052 1400 2209 1443 esse.

185 1466 438 1533 Contra
489 1466 598 1530 ille
654 1469 1008 1531 convocata
1063 1465 1141 1529 de
1193 1464 1475 1531 hortulis
1529 1465 1600 1529 in
1656 1465 1965 1531 auxilium
2025 1466 2210 1550 quasi

103 1582 156 1621 15
182 1554 387 1619 Liber
421 1554 614 1618 turba
648 1554 1174 1637 temulentorum,
1212 1553 1658 1637 quaerentium
1693 1556 1978 1637 tantum,
2019 1575 2209 1637 quem

184 1642 540 1726 incomptis
594 1642 918 1726 unguibus
971 1640 1359 1706 bacchantes
1406 1661 1761 1724 asperoque
1808 1662 1917 1705 ore
1978 1641 2209 1705 discer-

184 1734 376 1815 pant,
438 1730 795 1814 voluptatis
859 1751 1123 1813 nomen,
1197 1729 1617 1812 suavitatem,
1692 1728 1973 1812 quietem
2044 1732 2209 1793 teste

184 1818 434 1903 populo
494 1838 891 1903 exaggerans
946 1818 1150 1881 instat
1205 1818 1463 1900 acriter,
1530 1819 1605 1880 ut
1657 1816 1788 1880 nisi
1844 1838 1920 1881 ea
1981 1816 2209 1881 beatus

184 1928 382 1972 nemo
429 1927 569 1972 esse
611 1927 806 1990 posse
849 1905 1162 1971 videatur.
1235 1904 1318 1969 In
1363 1926 1636 1989 quorum
1694 1904 1903 1969 rixam
1950 1905 2007 1969 si
2047 1905 2212 1969 Aca-

103 2022 159 2061 20
188 1994 478 2059 demicus
531 1994 905 2072 incurrerit,
968 1997 1276 2076 utrosque
1334 1992 1551 2057 audiet
1604 1992 1939 2056 trahentes
1996 2014 2065 2058 se
2129 1993 2210 2057 ad

191 2104 346 2148 suas
393 2084 643 2167 partes,
693 2082 803 2146 sed
842 2081 898 2146 si
931 2082 1004 2145 in
1035 2082 1184 2146 illos
1223 2085 1335 2145 aut
1370 2081 1441 2144 in
1474 2081 1637 2146 istos
1676 2081 2091 2170 concesserit,
2128 2080 2210 2145 ab

189 2170 315 2253 eis,
381 2192 540 2254 quos
597 2170 873 2253 deseret,
938 2169 1235 2252 insanus,
1297 2169 1637 2252 imperitus
1682 2164 2211 2253 temerariusque

191 2258 599 2323 clamabitur.
695 2256 920 2341 Itaque
977 2278 1121 2322 011111
1176 2261 1243 2322 et
1293 2256 1418 2321 hac
1472 2260 1539 2321 et
1591 2256 1743 2322 illac
1800 2277 2023 2321 aurem
2069 2256 2211 2320 dili-

189 2349 424 2431 genter
465 2345 838 2429 admoverit,
871 2345 1334 2430 interrogatus,
1370 2346 1524 2428 quid
1566 2344 1627 2409 ei
1662 2344 1982 2428 videatur,
2030 2343 2213 2408 dubi-

106 2461 162 2501 25
189 2439 335 2499 tare
390 2454 460 2499 se
512 2434 702 2499 dicet.
800 2433 988 2517 Roga
1038 2454 1210 2497 nunc
1266 2430 1580 2517 Stoicum,
1639 2432 1785 2516 quis
1837 2433 1924 2497 sit
1968 2432 2215 2515 melior,

188 2522 624 2605 Epicurusne,
666 2520 776 2605 (1111
813 2521 1085 2586 (10111010
1121 2522 1306 2586 illum
1345 2520 1610 2604 clamat,
1649 2542 1735 2585 an
1771 2520 2213 2603 Αο0(1011110110,

193 2610 306 2694 (1111
363 2610 488 2673 sibi
544 2609 752 2675 adhuc
809 2609 886 2673 de
937 2630 1007 2674 re
1064 2612 1256 2674 tanta
1318 2608 1801 2674 deliberandum
1864 2629 2002 2672 esse
2065 2630 2212 2691 pro-

187 2698 476 2780 nuntiat,
559 2719 750 2767 nemo
823 2697 1076 2762 dubitat
1145 2696 1604 2762 Academicum
1678 2696 2043 2779 praelatum
2112 2694 2213 2759 iri.

189 2785 444 2849 Rursus
499 2788 583 2849 te
623 2785 705 2849 ad
756 2785 940 2849 illum
987 2788 1285 2850 converte
1333 2787 1400 2848 et
1444 2805 1707 2869 quaere,
1760 2805 1951 2869 quem
2002 2784 2213 2869 magis

112 2900 164 2939 30
192 2875 396 2955 amet,
455 2870 806 2954 Zenonem,
861 2896 900 2937 a
947 2894 1071 2957 quo
1120 2873 1331 2937 bestia
1374 2877 1668 2956 vocatur,
1728 2894 1813 2936 an
1860 2871 2214 2955 Arcesilan,

192 2984 233 3027 a
278 2982 407 3045 quo
456 2961 660 3025 audit:
725 2960 847 3025 'Pu
891 2961 1170 3025 fortasse
1215 2982 1440 3024 verum
1488 2960 1695 3043 (11010,
1722 2960 1837 3025 0οἀ
1891 2960 2216 3044 requiram

191 3047 593 3133 diligentius'
601 3098 622 3133 ,
665 3069 882 3113 nonne
931 3051 1226 3131 apertum
1274 3052 1377 3113 est
1418 3051 1627 3113 totam
1674 3048 1855 3112 illam
1892 3048 2213 3131 porticum
2337 3099 2346 3107 .

190 3138 512 3221 insanam,
548 3134 970 3201 Academicos
1001 3140 1217 3209 autem
1251 3157 1409 3219 prae
1443 3136 1577 3200 11110
1605 3135 1931 3201 modestos
1964 3139 2215 3200 cautos-

191 3246 319 3309 que
372 3224 669 3289 homines
723 3223 929 3289 videri
983 3224 1317 3307 Epicuro?
1416 3223 1528 3288 Ita
1566 3243 1871 3306 peraeque
1912 3242 2103 3305 prope
2148 3222 2221 3287 de

115 3338 162 3379 35
191 3313 476 3379 omnihus
517 3313 694 3379 sectis
735 3314 1144 3394 copiosissime
1198 3311 1405 3377 Cicero
1458 3312 1975 3377 iucundissimum
2032 3312 2218 3393 leyen-

189 3400 354 3465 tzbus
405 3402 591 3483 quasi
641 3401 1046 3483 spectaculum
1087 3401 1345 3483 praebet
1396 3400 1561 3465 velut
1601 3400 1917 3465 ostendens
1974 3398 2220 3464 nullum

189 3490 438 3554 illorum
491 3509 640 3573 esse,
697 3490 808 3573 qui
849 3510 1002 3574 nou,
1053 3509 1196 3555 cum
1248 3488 1369 3555 sibi
1408 3488 1662 3571 primas
1703 3491 1922 3570 partes
1972 3484 2219 3579 deda-it,
