2609 3884
379 152 516 233 108*
702 168 800 222 DE
836 167 1128 223 rma-:ms
1163 166 1526 223 BONORUM
1560 166 1656 222 ΕΤ
1692 167 2059 224 111111011οΜ

373 329 740 413 voluptates
796 329 1057 394 effluere
1111 329 1403 412 patiatur
1456 349 1802 413 earumque
1864 329 2125 395 assidua
2187 352 2398 396 recor-

375 416 636 482 datione
671 417 974 501 laetetur,
1011 416 1160 502 quid
1197 420 1327 501 est,
1364 415 1533 500 quod
1569 416 1696 481 huc
1730 417 1969 500 possit,
2003 439 2129 503 quo
2163 419 2397 484 melius

375 507 488 588 sit,
533 505 876 570 accedere?
949 502 1173 570 Statue
1211 507 1441 569 contra
1477 505 1757 588 aliquem
1793 504 2157 571 confectum
2192 508 2397 571 tantis

375 593 576 659 animi
603 594 1020 677 corporisque
1049 592 1402 675 doloribnae,
1430 593 1656 677 quanli
1682 594 1755 657 in
1778 592 2108 658 hominem
2129 596 2400 659 maximi

375 681 602 746 cadere
666 683 968 766 possunt,
1027 680 1208 745 nulla
1261 700 1377 764 spe
1430 681 1767 764 proposita
1817 679 1956 746 fore
2010 682 2218 747 levius
2281 683 2399 747 ali-
2420 709 2451 750 5
2567 700 2569 707 '

374 769 647 854 quando,
681 768 865 833 nulla
897 772 1234 853 praeterea
1266 789 1475 852 neque
1509 769 1838 852 praesenti
1870 790 1991 834 nec
2024 773 2401 853 exspectata

373 859 738 941 voluptate,
801 856 957 941 quid
1021 878 1098 922 eo
1162 856 1461 921 miserius
1524 855 1653 922 dici
1722 860 1837 922 aut
1895 858 2058 942 fingi
2127 859 2401 941 potest?

375 944 619 1022 Quodsi
670 944 811 1010 vita
879 942 1211 1010 dolorifius
1264 944 1510 1009 referta
1564 945 1843 1009 maxime
1905 944 2217 1030 fugienda
2282 950 2400 1029 est,

375 1054 698 1097 summum
741 1032 1035 1116 profecto
1080 1033 1325 1097 malum
1380 1036 1482 1097 est
1524 1032 1739 1098 vivere
1786 1054 1931 1097 cum
1988 1033 2237 1119 dolore3
2294 1034 2401 1099 cui

375 1120 734 1185 sententiae
789 1123 1286 1185 consentaneum
1351 1124 1451 1185 est
1513 1120 1815 1185 ultimum
1870 1142 2012 1189 esse
2074 1121 2400 1187 bonorum
2426 1150 2480 1188 ιο

375 1229 522 1273 cum
565 1208 900 1291 voluptate
944 1209 1176 1274 vivere.
1273 1206 1413 1273 Nec
1468 1208 1639 1273 enim
1696 1208 1898 1273 habet
1940 1212 2167 1273 nostra
2212 1231 2399 1275 mens

376 1296 743 1380 quicquam,
797 1294 911 1360 ubi
955 1295 1271 1362 consistat
1305 1299 1641 1381 tamquam
1677 1297 1747 1361 in
1784 1300 2097 1382 extremo,
2144 1318 2401 1363 omnes-

375 1405 496 1469 que
543 1386 610 1447 et
654 1386 864 1447 metus
921 1387 988 1449 et
1041 1384 1479 1469 aegritudines
1536 1384 1618 1448 ad
1678 1384 1963 1449 dolorem
2007 1383 2400 1469 referuntur,

373 1492 492 1537 nec
534 1476 871 1555 praeterea
916 1477 1018 1537 est
1059 1493 1162 1536 res
1207 1472 1375 1557 ulla,
1420 1493 1583 1556 quae
1630 1494 1747 1537 sua
1782 1476 2017 1538 natura
2062 1476 2179 1538 aut
2222 1474 2402 1539 nolli-

270 1574 336 1622 42
375 1560 574 1624 citare
626 1560 835 1643 possit
890 1562 1006 1624 aut
1057 1580 1315 1645 angere.
1410 1558 1759 1625 Praeterea
1811 1563 1878 1624 et
1936 1560 2287 1644 appetendi
2333 1567 2401 1626 et
2428 1587 2477 1628 15

374 1647 731 1732 refugiendi
794 1650 862 1712 et
924 1648 1184 1713 omnino
1240 1669 1453 1712 rerum
1510 1646 1939 1732 gerendarum
1992 1648 2185 1714 initia
2248 1670 2399 1732 pro-

372 1736 745 1801 ficiscuntur
799 1739 913 1801 aut
957 1758 996 1801 a
1039 1736 1373 1819 voluptate
1404 1740 1544 1821 ⁴aut
1597 1758 1637 1800 a
1690 1735 1927 1801 dolore.
2016 1735 2207 1812 Quod
2252 1759 2401 1802 cum

373 1824 470 1889 ita
513 1824 625 1902 sit,
669 1825 1080 1908 perspicuum
1126 1826 1229 1888 est
1273 1824 1483 1889 omnis
1539 1827 1751 1888 rectas
1792 1845 1895 1888 res
1934 1827 2129 1908 atque
2174 1824 2397 1889 lauda·

372 1911 525 1977 bilis
586 1933 660 1976 eo
705 1911 960 1991 referri,
1019 1913 1094 1976 ut
1137 1933 1284 1976 cum
1329 1913 1663 1994 voluptate
1708 1911 1982 1977 vivatur.
2074 1911 2399 1988 Quoniam

373 2003 591 2064 autem
634 1998 703 2063 id
748 2002 850 2063 est
892 1999 996 2063 vel
1042 2020 1361 2063 summum
1396 2001 1499 2064 vel
1546 1999 1847 2064 ultimum
1893 1999 1996 2064 vel
2034 2003 2397 2065 extremum
2422 1996 2477 2068 io

372 2088 689 2152 bonorum
739 2083 938 2170 (quod
993 2084 1222 2152 Graeci
1272 2085 1461 2163 τέλος
1511 2084 1903 2173 nominant),
1959 2086 2130 2171 quod
2179 2088 2397 2172 ipsum

370 2174 617 2240 nullam
682 2174 764 2238 ad
827 2174 1022 2239 aliam
1083 2196 1254 2261 rem,
1319 2174 1401 2240 ad
1461 2174 1528 2240 id
1583 2178 1831 2254 autem,
1861 2196 1966 2239 res
2027 2175 2400 2241 referuntur

372 2282 625 2363 omnes,
683 2261 1020 2327 fatendum
1083 2266 1183 2327 est
1245 2284 1569 2327 summum
1630 2284 1769 2327 esse
1824 2263 2067 2329 bonum
2121 2264 2399 2330 iucunde

368 2370 607 2416 vivere.
1936 2410 1943 2417 .

269 2444 364 2510 13
503 2437 579 2502 Ι(1
626 2438 734 2523 qui
779 2438 850 2503 in
883 2460 1015 2504 una
1048 2439 1288 2504 virtute
1323 2441 1574 2523 ponunt
1612 2441 1681 2503 et
1724 2437 2065 2522 splendore
2106 2440 2397 2505 nominis
2420 2465 2477 2523 ,²⁵

371 2526 573 2609 capti,
628 2525 782 2610 quid
833 2529 1068 2592 natura
1133 2527 1448 2611 postulet,
1501 2547 1635 2591 11011
1695 2526 2113 2611 intellegunt,
2176 2548 2397 2594 errore

369 2615 682 2698 maxime,
737 2614 793 2679 si
839 2613 1193 2698 Epicurum
1247 2614 1467 2679 audire
1525 2613 1873 2698 voluerint,
1924 2614 2397 2681 liberabuntur.

368 2701 545 2767 Istae
601 2703 772 2767 enim
824 2705 1078 2768 vestrae
1133 2702 1404 2767 eximiae
1456 2701 1888 2785 pulchraeque
1942 2702 2220 2767 virtutes
2266 2704 2399 2768 nisi

368 2791 772 2874 voluptatem
819 2790 1170 2874 efficerent,
1223 2792 1366 2874 quis
1414 2812 1523 2855 eas
1570 2792 1685 2855 aut
1728 2790 2075 2855 laudabilis
2124 2793 2243 2856 aut
2286 2813 2400 2856 ex-

367 2878 678 2961 petendas
726 2877 1198 2944 arbitraretur?
1270 2876 1364 2943 Ut
1400 2878 1574 2943 enim
1608 2877 2003 2942 medicorum
2051 2877 2397 2944 scientiam
2424 2906 2477 2946 ao

366 2986 499 3029 non
543 2964 750 3048 ipsius
797 2966 983 3049 artie,
1039 2965 1150 3067 sed
1204 2966 1423 3067 bonae·
1467 2965 1851 3030 valetudinis
1909 2987 2108 3067 causa
2156 2967 2395 3068 proba-

365 3053 1122 3225 ffiffufflffiz‘ssffssssffss
1152 3075 1304 3206 {2322
1316 3053 2398 3226 1113ᾱὲ111,Ἑῖἳξὲζῗὲῃῑῖξοξὲἒ

365 3251 471 3293 ars
532 3228 789 3294 vivendi
850 3230 1140 3313 putanda
1204 3233 1332 3314 est,
1403 3251 1537 3295 non
1600 3233 2029 3313 expeteretur,
2102 3230 2162 3294 si
2225 3230 2398 3296 nihil

366 3316 674 3402 efficeret3
738 3338 908 3381 nunc
963 3319 1317 3402 expetitur,
1381 3317 1549 3401 quod
1605 3320 1708 3382 est
1758 3322 2095 3402 tamquam
2156 3318 2393 3383 artifex
2419 3343 2473 3387 ⁸⁵

253 3426 325 3475 43
368 3404 836 3488 conquirendae
863 3408 931 3469 et
957 3404 1427 3489 comparandae
1455 3404 1830 3489 voluptatis.
1896 3404 2136 3490 (Quam
2170 3409 2391 3471 autem

363 3502 488 3577 ego'
540 3492 751 3557 dicam
803 3493 1236 3577 voluptatem,
1279 3494 1414 3557 iam
1458 3492 1692 3558 videtis
1701 3543 1721 3577 ,
1775 3514 1858 3557 110
1903 3493 2149 3559 invidia
2206 3495 2393 3560 verbi
