2609 3884
597 176 764 245 LIB.
802 178 870 231 11.
938 158 1088 233 cA'P.
1129 182 1356 233 36—38.
1414 182 1443 244 ς
1484 184 1795 235 116—120.
2139 181 2219 247 73

183 335 354 400 bata
409 336 646 421 figura3
709 336 1124 402 Parmenides
1183 338 1431 424 ignem,
1496 339 1604 424 qui
1649 344 1909 405 moveat
1960 345 2222 427 terram,

185 445 361 507 quae
431 424 512 488 ab
575 446 652 489 eo
714 425 1062 508 formetur3
1125 424 1488 510 Leucippus
1551 427 1811 509 plenum
1873 432 1938 492 et
1999 430 2220 513 inane3

181 509 613 576 Democritus
667 511 819 577 huic
881 513 951 577 in
1008 513 1134 578 hoc
1190 514 1453 598 similis,
1516 514 1775 579 uberior
1838 515 1908 579 in
1962 518 2221 601 ceteris;

185 596 628 682 Empedocles
675 600 835 664 haee
880 601 1267 684 pervolgata
1312 604 1379 665 et
1420 605 1579 666 nota
1624 605 1958 687 quattuor3
2016 604 2223 671 Hera·

125 710 154 751 5
187 686 394 751 clitus
449 688 698 772 ignem3
758 686 1064 755 Melissus
1120 688 1270 773 hoc,
1336 688 1508 774 quod
1562 693 1733 754 esset
1786 690 2113 756 infinitum
2159 696 2227 758 et

185 774 634 859 immutabile,
697 778 763 839 et
815 775 1016 840 fuisse
1064 796 1319 860 semper
1367 779 1432 841 et
1484 776 1641 842 fore.
1728 776 1920 843 Plato
1969 801 2045 844 ex
2091 802 2225 845 ma·

185 862 364 927 teria
429 863 498 927 in
561 884 634 927 se
695 863 914 928 omnia
973 864 1327 948 recipiente
1390 864 1700 929 mundum
1770 865 2016 931 factum
2082 889 2226 932 esse

188 953 420 1015 censet
465 972 506 1014 a
550 950 671 1015 deo
717 951 1194 1034 sempiternum.
1260 951 1661 1037 Pythagorei
1707 974 1785 1015 ex
1826 955 2109 1019 numeris
2159 958 2229 1019 et

186 1038 808 1103 mathematicorum
865 1038 1074 1103 initiis
1138 1040 1464 1123 proficisci
1519 1040 1750 1104 volunt
1796 1041 2031 1106 omnia.
2120 1042 2224 1107 Ex

105 1153 158 1191 ιο
187 1124 300 1190 his
339 1125 550 1210 eliget
594 1129 808 1191 vester
853 1126 1109 1210 sapiens
1154 1148 1357 1191 unum
1404 1128 1712 1211 aliquem,
1756 1129 1943 1194 credo
1954 1179 1971 1212 ,
2032 1152 2223 1214 quem

189 1217 536 1298 sequatu13
585 1213 783 1278 ceteri
825 1216 930 1278 tot
973 1213 1098 1279 viri
1143 1218 1210 1279 et
1253 1215 1424 1279 tanti
1467 1214 1789 1300 repudiati
1836 1217 1916 1282 ab
1956 1238 2031 1281 eo
2072 1239 2218 1284 con-

187 1300 612 1385 demnatique
687 1301 1034 1366 discedent.
1134 1302 1611 1387 Quamcumque
1696 1325 1848 1368 vero
1924 1309 2175 1370 senten·
2224 1313 2326 1380 119

187 1388 360 1452 tiam
405 1390 800 1473 probaverit,
847 1412 988 1454 eam
1035 1390 1128 1454 sic
1177 1391 1392 1455 animo
1440 1412 1886 1474 comprensam
1931 1390 2225 1479 habebit,

187 1480 267 1539 ut
318 1498 420 1559 ea,
466 1498 634 1559 quae
680 1478 997 1561 sensibus,
1055 1499 1172 1543 nec
1216 1478 1427 1562 magis
1476 1478 1863 1562 adprobabit
1907 1501 2078 1545 nunc
2122 1482 2220 1545 lu-

110 1588 160 1629 15
191 1585 365 1647 cere,
413 1585 627 1649 quam,
675 1565 982 1649 quoniam
1031 1562 1286 1629 Stoicus
1335 1568 1451 1650 est,
1508 1564 1677 1630 hunc
1724 1567 2033 1656 mundum
2080 1590 2219 1632 esse

191 1652 581 1736 sapientem,
623 1652 864 1717 habere
894 1656 1192 1736 mentem,
1239 1675 1405 1738 quae
1434 1655 1500 1716 et
1537 1674 1604 1717 se
1650 1656 1717 1717 et
1760 1654 1975 1736 ipsum
2018 1654 2221 1720 fabri-

190 1742 346 1804 cata
391 1740 479 1804 sit
525 1744 591 1805 et
636 1741 852 1805 omnia
898 1740 1292 1823 moderetur,
1348 1744 1630 1824 moveat,
1674 1746 1878 1824 regat.
1966 1740 2116 1807 Erit
2160 1744 2221 1807 ei

189 1848 581 1909 persuasum
619 1828 814 1891 etiam
861 1828 1081 1911 solem,
1124 1828 1363 1911 lunam,
1410 1829 1633 1893 stellas
1672 1850 1917 1912 omnes,
1958 1832 2219 1914 terram,

190 1936 377 1979 mare
427 1915 580 1980 deos
629 1937 795 1999 esse,
849 1916 1019 2000 quod
1065 1915 1379 1998 quaedam
1427 1915 1727 1981 animalis
1772 1916 2222 2001 intellegentia

113 2026 166 2065 so
192 2024 320 2086 per
394 2004 611 2067 omnia
683 2025 759 2067 ea
838 2006 1177 2087 permanet
1248 2007 1316 2066 et
1384 2006 1701 2086 transeat3
1782 2003 1920 2068 fore
2002 2011 2222 2070 tamen

194 2089 576 2175 aliquando,
649 2094 724 2153 ut
790 2091 998 2154 omnis
1070 2089 1178 2154 hie
1241 2090 1517 2155 mundus
1591 2092 1818 2155 ardore
1891 2092 2220 2177 deflagret.

196 2175 350 2241 Sint
416 2177 548 2241 ista
618 2199 772 2249 vera
838 2178 1045 2261 (vides
1111 2178 1282 2242 enim
1350 2178 1482 2242 iam
1544 2200 1646 2241 me
1711 2178 1905 2242 fateri
1977 2181 2221 2265 aliquid
2239 2194 2326 2261 38

195 2286 344 2329 esse
416 2264 610 2350 veri),
694 2265 1062 2348 comprendi
1135 2287 1210 2331 ea
1278 2268 1500 2330 tamen
1570 2269 1637 2330 et
1715 2268 1961 2350 percipi
2032 2290 2219 2353 nege.

197 2349 363 2417 Cum
412 2353 584 2416 enim
642 2356 793 2417 tuus
852 2353 980 2417 iste
1028 2350 1284 2417 Stoicus
1344 2352 1602 2436 sapiens
1658 2353 2037 2436 syllabatim
2096 2356 2221 2421 tibi

121 2462 170 2503 25
195 2440 331 2505 ista
384 2439 645 2525 dixerit,
709 2440 923 2505 veniet
976 2440 1214 2504 flumen
1261 2441 1574 2505 orationis
1622 2462 1887 2505 aureum
1945 2442 2218 2507 fundens

197 2528 613 2611 AristoteleS,
650 2528 760 2612 qui
786 2528 973 2591 illum
1001 2528 1290 2611 desipere
1320 2528 1524 2604 dicat3
1570 2550 1777 2612 neque
1806 2528 1977 2592 enim
2006 2533 2220 2593 ortum

199 2636 341 2680 esse
387 2637 694 2700 umquam
739 2615 1066 2699 mundum,
1110 2615 1280 2700 quod
1325 2615 1508 2679 nulla
1550 2615 1748 2680 fuerit
1790 2637 1961 2680 novo
2010 2618 2215 2681 consi-

197 2702 285 2767 lio
353 2702 518 2767 inito
586 2706 726 2767 tam
783 2703 1102 2786 praeclari
1157 2702 1371 2787 operis
1434 2702 1717 2787 inceptio
1726 2752 1746 2787 ,
1810 2707 1877 2766 et
1928 2703 2025 2767 ita
2079 2726 2221 2769 esse

205 2811 348 2855 eum
393 2790 676 2873 undique
723 2794 966 2875 aptum,
1009 2795 1084 2856 ut
1127 2790 1311 2854 nulla
1358 2791 1455 2855 vis
1499 2793 1719 2855 tantos
1767 2794 1961 2874 queat
2004 2796 2221 2856 motus

134 2898 182 2939 ao
205 2878 755 2964 mutationemque
784 2878 1020 2963 moliri,
1063 2877 1245 2943 nulla
1273 2881 1565 2944 senectus
1606 2877 2031 2943 diuturnitate
2058 2883 2219 2943 tem-

201 2986 430 3047 porum
477 2966 803 3050 exsistere,
849 2969 923 3029 ut
966 2964 1074 3030 hie
1121 2969 1387 3030 ornatus
1434 2987 1742 3050 umquam
1788 2965 2077 3049 dilapsus
2116 2988 2220 3031 oc-

203 3052 385 3119 cidat.
461 3052 614 3118 Tibi
658 3052 783 3118 hoc
827 3054 1184 3137 repudiare,
1229 3053 1394 3117 illud
1443 3057 1660 3118 autem
1708 3054 2001 3137 superius
2050 3054 2220 3118 sicut

205 3145 390 3224 caput
449 3145 516 3205 et
576 3141 820 3205 famam
878 3145 1060 3206 tuam
1120 3140 1458 3205 defendere
1517 3162 1777 3206 necesse
1824 3141 1975 3225 erit,
2038 3141 2219 3224 mihi,

205 3246 280 3290 ne
342 3232 416 3292 ut
482 3228 771 3293 dubitem
831 3228 1118 3313 quidem,
1179 3228 1626 3311 relinquatur?
1730 3226 1823 3293 Ut
1873 3229 2173 3293 omittam
2220 3246 2328 3296 120

141 3332 184 3375 35
205 3311 535 3381 levitatem
587 3319 832 3380 temere
884 3315 1416 3399 adsentientium,
1474 3316 1699 3399 quanti
1752 3315 2019 3379 libertas
2073 3316 2219 3398 ipsa

210 3404 606 3469 aestimanda
652 3408 753 3468 est
797 3425 932 3467 non
974 3404 1137 3467 mihi
1181 3424 1443 3467 necesse
1490 3424 1654 3484 esse,
1716 3402 1888 3485 quod
1930 3402 2056 3465 tibi
2100 3404 2217 3483 est,

209 3488 410 3575 dicere,
455 3512 568 3555 cur
615 3492 769 3555 deus
777 3540 797 3575 ,
844 3491 1064 3556 omnia
1106 3493 1336 3555 nostra
1380 3511 1573 3553 causa
1618 3510 1765 3553 cum
1810 3488 2053 3551 faceret
2096 3486 2217 3570 (sic
