2609 3884
225 458 294 508 35

226 1306 314 1432 ἐξ

332 107 461 172 292
717 105 1315 162 TUSCULANARUM
1348 104 1954 162 DISPUTATIONUM

329 268 597 335 liceret?
688 266 898 345 Quid?
952 267 1162 334 nostri
1214 267 1588 352 philosophi
1640 290 1859 333 nonne
1911 269 1981 332 in
2034 269 2116 334 iis
2162 268 2355 334 libris

329 358 511 443 ipsis,
547 379 706 442 quos
736 357 1026 422 scribunt
1063 355 1141 421 de
1169 355 1638 421 contemnenda
1674 357 1902 441 gloria,
1938 379 2057 422 sua
2082 357 2357 423 nomina

331 444 738 512 inscribunt?
839 442 1084 520 Quodsi
1136 444 1423 509 omnium
1488 465 1839 509 consensus
1897 449 2165 510 naturae
2226 467 2357 512 vox

332 538 459 619 est,
504 554 879 617 omnesque,
925 532 1035 616 qui
1078 533 1314 616 ubique
1361 534 1537 616 sunt,
1586 533 1999 598 consentiunt
2042 555 2187 598 esse
2234 533 2355 598 ali-

334 622 514 707 quid,
560 621 734 707 quod
776 621 857 685 ad
903 642 1013 685 eos
1059 621 1412 704 pertineat,
1457 621 1568 704 qui
1603 620 1744 685 vita
1778 621 2113 706 cesserint,
2158 622 2356 686 nobis
2415 648 2440 686 5

333 732 586 795 quoque
649 709 822 775 idem
887 708 1384 773 existimandum
1448 712 1573 791 est,
1637 712 1704 773 et
1758 709 1844 793 si,
1908 730 2183 794 quorum
2240 715 2359 774 aut

332 799 593 882 ingenio
650 800 764 862 aut
817 797 1058 862 virtute
1113 796 1367 861 animus
1424 795 1707 880 excellit,
1772 817 1882 863 eos
1939 797 2358 882 arbitramur,

333 888 486 971 quia
521 888 756 951 natura
793 884 1042 967 optima
1081 883 1228 968 sint,
1264 905 1521 949 cernere
1556 888 1833 949 naturae
1868 885 2000 950 vim
2031 907 2357 970 maxume,

332 975 469 1039 veri
505 974 717 1040 simile
755 975 872 1057 est,
907 993 1052 1037 cum
1090 976 1393 1056 optumus
1438 971 1710 1056 quisque
1744 994 2041 1038 maxume
2076 975 2358 1058 posteri-

331 1062 458 1126 tati
495 1062 754 1144 serviat,
793 1080 933 1124 esse
971 1059 1236 1145 aliquid,
1272 1060 1451 1126 cuius
1486 1060 1544 1125 is
1588 1063 1743 1144 post
1776 1064 2053 1126 mortem
2090 1083 2359 1127 sensum
2388 1089 2441 1128 10

335 1150 424 1214 sit
466 1148 828 1212 habiturus.

467 1324 592 1390 Sed
650 1327 725 1390 ut
783 1324 937 1389 deos
1006 1343 1145 1389 esse
1204 1327 1441 1390 natura
1514 1325 1880 1409 opinamur,
1944 1324 2354 1410 quales[que]

253 1484 264 1498 ,
335 1414 493 1498 sint,
527 1414 780 1479 ratione
817 1413 1293 1498 cognoscimus,
1342 1413 1435 1476 sic
1472 1433 1853 1495 permanere
1891 1413 2142 1479 animos
2181 1414 2357 1478 arbi-

227 2129 296 2178 37

333 1505 581 1566 tramur
627 1523 942 1568 consensu
985 1502 1348 1575 nationum,
1371 1501 1686 1585 omnium,
1724 1517 1865 1585 qua
1909 1501 1978 1565 in
2024 1501 2173 1566 sede
2219 1525 2358 1566 ma·

331 1595 530 1656 neant
575 1591 922 1675 qualesque
979 1589 1136 1672 sint,
1189 1589 1441 1655 ratione
1499 1588 1874 1653 discendum
1929 1593 2047 1654 est.
2148 1587 2354 1654 Cuius
2386 1616 2439 1657 ιε

332 1679 656 1763 ignoratio
719 1678 906 1743 finxit
968 1677 1208 1741 inferos
1274 1697 1508 1761 easque
1570 1675 1978 1761 formidines,
2050 1699 2213 1762 quas
2276 1682 2359 1744 tu

334 1769 743 1832 contemnere
787 1787 920 1831 non
964 1765 1103 1830 sine
1141 1786 1337 1830 causa
1379 1764 1699 1829 videbare.
1768 1764 1849 1830 In
1890 1768 2133 1830 terram
2180 1767 2357 1831 enim

333 1853 709 1919 cadentibus
737 1853 1115 1938 corporibus
1153 1853 1359 1936 iisque
1394 1852 1594 1918 humo
1630 1853 1837 1937 tectis„
1872 1875 1909 1917 e
1941 1875 2067 1937 quo
2104 1852 2357 1920 dictum

335 1945 437 2006 est
480 1941 654 2004 hum
667 1942 807 2025 ari,
853 1942 972 2006 sub
1018 1944 1192 2005 terra
1238 1940 1587 2006 censebant
1629 1941 1943 2025 reliquam
1989 1941 2194 2005 vitam
2242 1942 2356 2028 agi

333 2031 752 2093 mortuorum.
851 2027 1058 2105 Quam
1113 2049 1336 2092 eorum
1392 2028 1763 2112 opinionem
1816 2029 2040 2113 magni
2101 2050 2355 2096 errores
2384 2058 2436 2097 20

336 2116 665 2181 consecuti
701 2118 875 2199 sunt,
921 2137 1082 2199 quos
1120 2119 1437 2180 auxerunt
1480 2120 1728 2199 poetae.
1798 2115 2128 2201 Frequens
2176 2119 2355 2182 enim

335 2224 676 2269 consessus
729 2202 996 2287 theatri,
1050 2203 1121 2266 in
1175 2224 1301 2286 quo
1360 2209 1511 2268 sunt
1562 2203 1973 2270 mulierculae
2024 2207 2091 2270 et
2148 2207 2357 2290 pueri,

334 2295 632 2357 movetur
677 2290 941 2356 audiens
987 2294 1124 2354 tam
1170 2290 1415 2374 grande
1462 2313 1747 2357 carmen:

468 2396 756 2481 Adsum
821 2417 1048 2499 atque
1123 2414 1445 2480 advenio
1509 2397 1954 2480 Acherunte
2024 2413 2150 2479 vix
2223 2418 2357 2482 via

1454 2502 1617 2568 alta
1664 2507 1891 2587 atque
1938 2503 2175 2568 ardua

467 2592 610 2656 Per
664 2592 1074 2676 speluncas
1131 2590 1341 2656 saxis
1398 2592 1739 2655 structas
1788 2591 2115 2676 asperis,
2170 2614 2355 2676 pen·
2385 2619 2437 2658 25

1782 2677 2173 2764 dentibus,

467 2764 872 2850 Maxumis,
924 2767 1057 2831 ubi
1109 2765 1365 2852 rigida
1418 2769 1731 2832 constat
1775 2769 2039 2831 crassa
2094 2768 2354 2854 caligo

1809 2851 2173 2940 inferum,

335 2995 717 3076 tantumque
774 2993 981 3057 valuit
1040 3015 1245 3077 error,
1304 2994 1416 3078 qui
1474 2993 1635 3058 mihi
1696 2995 1953 3079 quidem
2011 2995 2142 3060 iam
2204 2998 2355 3061 sub·

336 3080 509 3145 latus
547 3079 830 3161 videtur,
876 3083 974 3162 ut,
1020 3100 1291 3164 corpora
1328 3085 1613 3147 cremata
1652 3103 1799 3147 cum
1835 3083 2088 3168 scirent,
2132 3087 2358 3151 tamen

339 3189 414 3232 ea
465 3167 607 3231 fieri
663 3167 832 3252 apud
885 3168 1128 3234 inferos
1173 3169 1517 3255 fingerent,
1574 3192 1763 3255 quae,
1786 3170 1925 3236 sine
1973 3173 2355 3255 corporibus

335 3277 453 3320 nec
495 3255 636 3319 fieri
679 3260 946 3340 possent
988 3278 1108 3322 nec
1160 3257 1469 3342 intellegi.
1557 3258 1833 3324 Animos
1890 3259 2065 3324 enim
2118 3281 2237 3344 per
2282 3284 2356 3327 se
2383 3289 2439 3330 so

336 3343 515 3425 ipsos
553 3343 828 3409 viventis
878 3367 1013 3411 non
1055 3348 1362 3428 poterant
1405 3350 1620 3411 mente
1666 3347 2029 3431 complecti,
2072 3347 2356 3414 formam

338 3429 621 3514 aliquam
675 3431 1074 3518 figuramque
1136 3432 1553 3517 quaerebant.
1654 3432 1813 3499 Inde
1874 3433 2145 3500 Homeri
2208 3429 2398 3503 tota'
