2609 3884
677 134 812 191 LIB.
849 134 920 189 ΙΙ.
976 132 1129 189 ΟΑΡ.
1171 141 1413 191 17-19.
1480 140 1511 201 ἓ
1547 142 1793 193 41—45.
2116 140 2247 206 345

216 297 364 362 viro
410 296 649 381 virtus3
690 296 818 361 viri
866 300 1082 362 autem
1126 298 1395 382 propria
1439 299 1717 363 maxime
1765 302 1867 364 est
1912 299 2245 385 fortitudO,

219 386 402 450 cuius
445 406 741 456 *munera
801 384 926 449 duo
994 389 1146 450 sunt
1207 386 1521 471 maxima,
1582 388 1812 452 mortis
1876 387 2245 473 dolorisque

217 473 632 559 contemptio.
719 470 1044 538 Utendum
1092 476 1192 538 est
1236 474 1442 559 igitur
1485 473 1617 559 his,
1664 476 1720 540 si
1765 475 2027 541 virtutis
2075 497 2244 541 com-

218 564 440 646 potes,
501 561 604 626 vel
665 560 881 645 potius
943 562 1000 625 si
1058 561 1185 627 viri
1246 561 1545 627 volumus
1606 584 1777 643 esse,
1840 564 2145 648 quoniam
2206 588 2246 630 a

159 674 190 717 ⁶
221 649 384 713 viris
446 648 654 715 virtus
718 670 956 714 nomen
1022 653 1123 714 est
1185 653 1499 715 mutuata.
1610 650 1889 728 Quaeres
1953 652 2245 736 fortasse,

221 758 351 821 quo
381 736 590 823 modo,
625 739 692 801 et
728 740 926 822 recte3
962 736 1164 802 talem
1201 738 1373 803 enim
1406 737 1791 804 medicinam
1826 738 2244 825 philosophia

217 826 580 909 profitetur.

354 912 554 979 Venit
604 912 955 998 Epicurus„
1012 913 1206 979 homo
1260 913 1528 979 minime
1583 915 1791 979 malus
1856 916 1960 980 vel
2023 916 2241 1000 potius
2266 879 2350 1005 143

216 1001 322 1067 vir
368 1002 680 1085 optimus3
723 1004 980 1066 tantum
1025 1005 1271 1086 monet,
1318 1005 1633 1087 quantum
1678 1003 2019 1087 intellegit.
2093 1002 2243 1069 ‘Ne-

21 1082 23 1087 ‘
127 1115 190 1157 ιο
218 1088 472 1174 glege',
518 1090 756 1173 inquit,
803 1088 1166 1155 ‘dolorem.'
1240 1089 1399 1167 Quis
1443 1090 1569 1156 hoc
1607 1090 1809 1155 dicit?
1880 1090 2088 1175 Idem,
2134 1093 2244 1178 qui

219 1178 510 1243 dolorem
593 1199 915 1243 summum
996 1178 1257 1243 malum.
1392 1177 1523 1244 Vix
1603 1179 1763 1243 satis
1856 1183 2245 1246 constanter.

220 1265 596 1329 Audiamus.
696 1263 801 1329 ‘Si
857 1287 1144 1331 summus
1200 1266 1384 1332 dolor
1439 1264 1597 1350 est’,
1651 1266 1891 1353 inquit,
1950 1266 2244 1334 ‘brevem

219 1373 483 1417 necesse
529 1355 631 1417 est
682 1351 862 1425 esse?

355 1474 742 1541 Iteradum
788 1476 1046 1541 eadem
1094 1477 1257 1542 ista
1301 1460 1518 1543 mihil

134 1644 193 1687 ιε
221 1639 354 1682 non
410 1617 580 1681 enim
635 1617 795 1682 satis
852 1618 1190 1703 intellego,
1253 1619 1407 1703 quid
1469 1641 1791 1685 summum
1850 1620 2026 1684 dicas
2086 1640 2245 1705 esse,

222 1705 378 1789 quid
422 1706 632 1772 breve.
709 1703 1100 1791 ‘Summum,
1146 1728 1272 1791 quo
1316 1707 1484 1772 nihil
1530 1708 1617 1773 sit
1660 1708 1984 1791 superine,
2031 1708 2245 1793 breve,

221 1816 346 1879 quo
403 1793 567 1858 nihil
620 1793 898 1860 brevius·
1000 1792 1359 1860 contemno
1413 1795 1928 1879 magnitudinem
1983 1795 2244 1880 doloris,

222 1904 263 1948 a
315 1904 442 1966 qua
505 1904 608 1946 me
661 1882 944 1948 brevitas
1008 1883 1323 1965 temporis
1388 1882 1747 1948 vindicabit
1810 1886 1961 1947 ante
2023 1904 2245 1968 paene,

222 1992 415 2053 quam
460 1968 750 2035 venerit?
824 1967 948 2036 Sed
995 1971 1052 2035 si
1099 1974 1199 2035 est
1243 1973 1465 2036 tantus
1512 1969 1728 2054 dolor,
1774 1973 2053 2054 quantus
2089 1970 2243 2035 Phi-

139 2082 197 2125 20
224 2057 545 2122 loctetae‘?
639 2056 844 2122 ‘Bene
897 2058 1090 2142 plane
1135 2078 1412 2144 magnus
1458 2058 1620 2123 mihi
1670 2057 1927 2143 quidem
1972 2058 2243 2143 videtur,

225 2144 336 2210 sed
389 2147 609 2209 tamen
657 2167 793 2210 non
849 2166 1162 2231 summus;
1227 2145 1395 2211 nihil
1452 2146 1623 2211 enim
1684 2145 1861 2210 dolet
1912 2146 2041 2211 nisi
2102 2168 2244 2231 pes3

223 2236 497 2317 possunt
533 2232 729 2314 oculi,
772 2236 993 2316 potest
1027 2238 1244 2319 caput,
1279 2236 1514 2318 latera,
1557 2234 1923 2319 pulmones,
1968 2237 2245 2319 possunt

224 2321 458 2388 omnia.
555 2318 778 2405 Longe
830 2320 1033 2405 igitur
1085 2321 1271 2387 abest
1317 2345 1356 2388 a
1402 2344 1655 2387 summo
1718 2322 1956 2388 dolore.
2046 2321 2243 2407 Erg0,

223 2409 458 2493 inquit,
532 2407 714 2473 dolor
785 2408 1122 2474 diuturnus
1194 2410 1397 2475 habet
1459 2409 1750 2475 laetitiae
1826 2410 1973 2494 plus
2048 2432 2243 2495 quam

140 2521 196 2563 25
223 2495 605 2563 molestiae?
694 2494 886 2562 Nunc
931 2518 1054 2583 ego
1101 2518 1236 2563 non
1286 2519 1553 2582 possum
1606 2501 1865 2563 tantum
1908 2497 2237 2562 hominem
2276 2509 2347 2560 45

221 2585 388 2651 nihil
452 2606 676 2669 sapere
739 2585 978 2669 dicere,
1049 2585 1160 2650 sed
1224 2608 1346 2652 nos
1420 2586 1501 2651 ab
1575 2608 1650 2652 eo
1729 2584 2002 2649 derideri
2064 2588 2243 2668 puto·

223 2672 367 2759 Ego
457 2695 779 2739 summum
870 2673 1155 2739 dolorem
1255 2672 1674 2761 (‘summum’
1766 2676 1982 2739 autem
2080 2673 2243 2758 dic0,

225 2763 480 2828 etiamsi
535 2761 752 2827 decem
807 2762 1040 2827 atomis
1088 2766 1191 2827 est
1233 2763 1443 2829 maior
1496 2758 1690 2847 alius)
1742 2782 1875 2826 non
1932 2761 2241 2827 continuo

225 2872 363 2917 esse
417 2850 559 2915 dico
613 2850 875 2915 brevem
929 2852 1295 2935 multosque
1341 2872 1609 2935 possum
1654 2849 1861 2914 bonos
1906 2848 2083 2915 viros
2127 2870 2241 2915 no-

144 2966 199 3007 so
224 2939 494 3021 minare,
569 2940 680 3023 qui
751 2938 1115 3023 complures
1209 2960 1411 3003 annos
1502 2936 1833 3003 doloribus
1915 2938 2241 3023 podagrae

225 3028 584 3093 crucientur
637 3026 957 3092 maximis.
1057 3025 1182 3092 Sed
1235 3026 1432 3091 homo
1489 3028 1674 3091 catus
1716 3047 2071 3111 numquam
2116 3030 2242 3091 ter-

225 3116 431 3181 minat
473 3135 595 3180 nec
637 3114 1104 3201 magnitudinis
1158 3135 1279 3179 nec
1338 3114 1788 3179 diuturnitatis
1834 3114 2123 3197 modum,
2169 3116 2244 3178 ut

227 3204 453 3287 sciam,
507 3202 662 3287 quid
716 3224 1039 3268 summum
1093 3202 1266 3267 dicat
1310 3202 1379 3267 in
1425 3201 1673 3284 dolore,
1728 3201 1884 3285 quid
1935 3202 2127 3265 breve
2172 3200 2242 3265 in

223 3296 533 3375 tempore.
641 3288 1034 3355 Omittamus
1098 3289 1268 3355 hunc
1330 3289 1533 3375 igitur
1595 3288 1759 3355 nihil
1823 3309 2087 3373 prorsus
2149 3287 2241 3351 di-

147 3406 198 3449 36
225 3381 475 3444 centem
530 3398 961 3463 cogamusque
1016 3378 1309 3442 confiteri
1358 3398 1492 3441 non
1545 3398 1685 3442 esse
1742 3376 1823 3441 ab
1872 3397 1947 3441 eo
1996 3374 2241 3439 doloris

223 3467 507 3533 remedia
569 3466 954 3552 quaerenda,
1029 3467 1140 3552 qui
1203 3464 1492 3531 dolorem
1560 3465 1877 3529 malorum
1953 3462 2242 3530 omnium
