2609 3884
651 179 791 235 ΜΒ.
827 180 896 237 11.
954 180 1108 236 CAP.
1150 186 1241 249 19,
1279 186 1366 235 20.
1420 186 1452 247 ς
1490 186 1736 237 ‹so-65.
2090 136 2216 247 145
2315 188 2319 193 ’

175 342 405 408 dicere
458 342 785 427 videbare,
840 365 986 409 cum
1041 365 1119 408 ex
1173 343 1381 408 altera
1433 346 1620 427 parte
1664 343 1954 427 ponebas
2000 366 2223 411 cumu-

171 431 398 496 latum
443 432 722 516 aliquem
757 432 1060 516 plurimis
1108 435 1175 497 et
1215 431 1517 497 maximis
1553 432 2000 515 voluptatibus
2036 434 2218 500 nullo

171 540 303 584 nec
370 520 700 602 praesenti
774 540 893 585 nec
964 520 1182 585 futuro
1248 520 1498 604 dolore,
1570 540 1649 585 ex
1722 521 1929 585 altera
2002 526 2219 586 autem

30 615 34 719 J
175 607 585 673 cruciatibus
638 609 942 673 maximis
996 612 1141 674 toto
1197 630 1468 692 corpore
1524 609 1707 673 nulla
1749 629 1870 673 nec
1914 608 2219 675 adiuncta

30 722 33 747 ε
115 720 144 761 5
173 717 305 761 nec
375 701 638 780 sperata
700 698 1063 781 voluptate,
1127 700 1194 761 et
1256 697 1638 780 quaerebas,
1700 697 1844 781 quis
1918 702 2034 762 aut
2094 698 2220 763 hoc

173 784 491 850 miserior
527 788 639 849 aut
677 786 1010 869 superiore
1044 747 1159 850 'illo
1197 785 1479 868 beatior3
1526 784 1752 849 deinde
1791 785 2218 851 concludebas

174 893 515 937 summum
569 873 814 938 malum
869 894 1008 938 esse
1062 873 1379 957 dolorem,
1434 894 1756 938 summum
1810 874 2053 939 bonum
2106 896 2219 940 vo-

172 960 536 1045 luptatem!

321 1048 397 1113 L.
454 1049 730 1115 Thorius
784 1047 1033 1114 Balbus
1085 1050 1239 1134 fuit,
1295 1049 1698 1127 Lanuvinus,
1751 1072 1943 1134 quem
1998 1051 2218 1116 memi-
2236 1057 2326 1123 20

91 1163 144 1203 10
170 1137 366 1201 nisse
411 1140 485 1201 tu
525 1158 660 1203 non
703 1141 909 1222 potes,
997 1136 1065 1202 Is
1110 1138 1208 1202 ita
1250 1138 1540 1221 vivebat,
1584 1141 1660 1202 ut
1702 1138 1887 1203 nulla
1930 1142 2068 1203 tam
2114 1160 2220 1205 ex-

173 1225 436 1309 quisita
487 1228 711 1310 posset
763 1226 1041 1291 inveniri
1094 1226 1424 1309 voluptas,
1480 1249 1609 1311 qua
1659 1246 1792 1291 non
1844 1225 2219 1292 abundaret.

170 1314 356 1378 Erat
394 1316 462 1377 et
500 1314 769 1399 cupidus
807 1314 1223 1398 voluptatum
1261 1317 1331 1379 et
1364 1315 1501 1379 eius
1538 1315 1793 1400 generis
1828 1315 2219 1400 intellegens

174 1408 251 1466 et
299 1403 631 1487 copiosus,
676 1403 773 1467 ita
815 1424 949 1469 non
995 1403 1518 1486 superstitiosus,
1562 1406 1639 1468 ut
1681 1402 1800 1467 illa
1833 1403 2116 1486 plurima
2150 1404 2217 1471 in

175 1512 308 1556 sua
374 1491 586 1574 patria
650 1491 967 1557 sacrificia
1031 1495 1097 1555 et
1165 1491 1321 1555 fana
1384 1494 1850 1575 contemneret,
1919 1491 2019 1555 ita
2085 1512 2220 1557 non

95 1605 146 1646 15
174 1578 460 1643 timidus
516 1579 597 1643 ad
651 1583 955 1663 mortem,
1007 1584 1084 1644 ut
1135 1579 1204 1644 in
1251 1580 1389 1644 acie
1437 1578 1525 1644 sit
1576 1579 1663 1643 ob
1707 1600 1845 1643 rem
1889 1579 2220 1663 publicam

173 1667 589 1733 interfectus.
661 1665 1068 1752 Cupiditates
1108 1688 1241 1732 non
1276 1666 1547 1750 Epicuri
1582 1667 1894 1731 divisione
1928 1666 2219 1748 finiebat,
2255 1681 2327 1731 64

178 1756 301 1820 sed
360 1777 478 1821 sua
533 1756 855 1821 satietate.
951 1755 1260 1821 Habebat
1313 1760 1538 1820 tamen
1589 1754 1913 1820 rationem
1975 1754 2221 1821 valetu-

177 1844 387 1909 dinis:
443 1844 750 1909 utebatur
801 1844 884 1909 iis
943 1844 1539 1928 exercitationibus,
1602 1847 1677 1907 ut
1731 1842 1813 1907 ad
1868 1864 2093 1909 cenam
2154 1849 2222 1910 et

180 1933 421 1997 sitiens
459 1937 528 1997 et
563 1934 850 1998 esuriens
887 1933 1168 2017 veniret,
1210 1954 1286 1997 eo
1324 1932 1471 1997 cibo
1480 1982 1499 2016 ,
1544 1932 1656 2016 qui
1694 1931 2219 1998 etsuavissimus

94 2047 150 2086 20
180 2025 366 2085 esset
420 2023 487 2085 et
540 2020 711 2086 idem
767 2021 1120 2087 'facillimus
1177 2020 1261 2085 ad
1324 2020 1874 2105 concoquendum,
1936 2021 2088 2085 vino
2154 2025 2221 2086 et

182 2110 271 2174 ad
316 2110 750 2194 voluptatem,
807 2114 872 2174 et
914 2131 997 2175 ne
1041 2112 1321 2175 noceret.
1412 2107 1643 2175 Cetera
1685 2109 1804 2173 illa
1850 2108 2219 2189 adhibebat,

181 2198 427 2282 quibus
474 2198 752 2281 demptis
795 2202 998 2284 negat
1041 2220 1112 2262 se
1147 2196 1466 2281 Epicurus
1512 2197 1886 2283 intellegere
1932 2196 2085 2281 quid
2132 2199 2221 2262 sit

180 2287 453 2351 bonum.
568 2287 816 2351 Aberat
886 2286 1096 2351 omnis
1162 2284 1373 2369 dolor,
1450 2286 1561 2369 qui
1625 2285 1683 2349 si
1749 2285 2029 2368 adesset,
2099 2305 2219 2351 nec

179 2374 480 2440 molliter
539 2374 742 2439 ferret
803 2378 870 2440 et
929 2378 1151 2439 tamen
1212 2374 1476 2439 medicis
1539 2374 1686 2458 plus
1750 2395 1946 2457 quam
2008 2373 2219 2457 philo-

97 2488 151 2529 25
183 2463 417 2547 sophis
481 2466 790 2528 uteretur.
897 2461 1097 2529 Color
1167 2462 1495 2549 egregius,
1566 2462 1825 2547 integra
1896 2461 2220 2541 valetud0‚

182 2572 446 2617 summa
527 2552 770 2637 gratia,
850 2552 989 2616 vita
1068 2551 1343 2635 denique
1432 2551 1725 2615 conferta
1810 2550 2219 2634 voluptatum

181 2641 479 2705 omnium
535 2640 867 2705 varietate.
963 2638 1158 2705 Hunc
1211 2662 1328 2705 vos
1382 2640 1672 2717 beatum3
1706 2638 1907 2703 ratio
1954 2636 2217 2722 quidem
2255 2658 2323 2708 65

183 2733 412 2794 vestra
458 2728 552 2793 sic
599 2728 790 2813 cogit.
880 2726 974 2792 At
1019 2748 1137 2813 ego
1186 2750 1377 2813 quem
1421 2726 1574 2793 huic
1620 2730 2037 2811 anteponam,
2085 2747 2221 2792 non

183 2817 398 2882 audeo
452 2816 687 2901 dicere3
742 2816 912 2883 dicet
963 2837 1085 2900 pro
1131 2838 1234 2881 me
1284 2816 1431 2900 ipsa
1473 2816 1681 2881 virtus
1727 2835 1847 2880 nec
1891 2777 2222 2880 dubitabit

101 2931 154 2971 ³0
181 2906 303 2971 isti
350 2910 567 2970 vestro
616 2906 808 2970 beato
853 2904 944 2970 M.
987 2904 1315 2989 Regulum
1366 2907 1785 2989 anteponere,
1839 2923 2028 2987 quem
2082 2904 2219 2987 qui·
2294 2953 2326 2963 -

185 2995 366 3078 dem,
429 3016 576 3059 cum
643 3016 761 3059 sua
823 2995 1188 3076 voluntate,
1248 2992 1435 3058 nulla
1495 2993 1563 3057 vi
1626 2995 1888 3057 coactus
1960 2997 2219 3075 praeter

183 3084 410 3166 fidem,
476 3104 670 3167 quam
733 3081 998 3147 dederat
1059 3081 1259 3165 hosti,
1329 3102 1407 3145 ex
1469 3080 1685 3164 patria
1744 3078 2218 3165 Karthaginem

184 3172 592 3254 revertisset,
630 3174 774 3237 tum
817 3172 1058 3256 ipsum,
1105 3192 1250 3235 cum
1287 3169 1530 3253 vigiliis
1576 3173 1643 3234 et
1686 3168 1859 3233 fame
1906 3169 2219 3233 cruciare-

180 3265 326 3343 tur,
381 3260 621 3325 clamat
672 3260 880 3324 virtus
948 3259 1304 3325 beatiorem
1356 3257 1561 3323 fuisse
1626 3279 1819 3341 quam
1881 3260 2217 3341 potantem

105 3374 154 3415 ³5
182 3349 260 3415 in
303 3369 459 3413 rosa
501 3347 832 3413 Thorium.
929 3346 1122 3413 Bella
1174 3367 1418 3431 magna
1472 3349 1788 3431 gesserat,
1842 3345 1945 3410 bis
1992 3345 2219 3409 consul

182 3436 433 3519 fuerat,
477 3437 916 3520 triumpharat
958 3457 1077 3501 nec
1123 3438 1343 3500 tamen
1388 3456 1506 3499 sua
1550 3434 1669 3498 illa
1706 3433 2039 3516 superiora
2079 3435 2218 3496 tam
2318 3479 2333 3519 ,

185 3546 434 3611 magna
476 3546 684 3610 neque
728 3530 868 3590 tam
911 3524 1246 3609 praeclara
1291 3523 1566 3588 ducebat
1607 3540 1806 3605 quam
1842 3520 2027 3585 illum
2065 3519 2216 3582 ulti-

1790 3622 1897 3676 10*
2038 3616 2171 3641 Μ
