2609 3884
301 787 370 836 29

281 3421 350 3467 31

411 173 540 238 182
735 174 832 228 DE
869 172 1160 229 FINIBUS
1197 171 1557 227 BONORUM
1590 172 1689 227 ET
1724 171 2089 227 MALORUM

407 336 464 401 is
474 386 493 419 ,
539 334 641 399 cui
688 334 1010 418 contingit
1043 337 1117 398 ut
1151 335 1290 399 iure
1336 334 1661 416 laudetur,
1704 333 1905 398 habet
1941 334 2198 418 insigne
2250 335 2445 419 quid-

409 423 555 487 dam
612 423 692 487 ad
745 423 936 487 decus
991 424 1058 486 et
1111 422 1194 486 ad
1248 422 1549 507 gloriam,
1600 424 1676 485 ut
1730 422 1814 486 ob
1860 442 1963 504 ea,
2024 445 2191 507 quae
2240 427 2447 488 tanta

409 512 566 593 sint,
619 511 851 575 beatus
907 510 1034 575 dici
1086 512 1224 575 iure
1268 510 1505 593 possit,
1564 509 1732 573 idem
1790 508 1868 573 de
1913 510 2052 574 vita
2096 511 2259 575 talis
2310 512 2444 576 viri

407 599 763 664 rectissime
809 598 1074 663 dicetur.
1154 597 1286 681 Ita,
1332 598 1389 663 si
1432 598 1627 662 beata
1661 598 1799 662 vita
1833 598 2181 662 honestate
2226 600 2445 663 cerni-

406 692 542 770 tur,
597 687 769 771 quod
812 687 1158 751 honestum
1203 691 1331 769 est,
1384 685 1450 750 id
1509 686 1751 750 bonum
1796 687 2007 751 solum
2052 687 2479 753 habendum5

409 779 526 840 est.
617 774 781 851 Quid
827 774 1023 839 vero?
1068 774 1375 858 negarine
1418 774 1553 837 ullo
1595 773 1786 838 modo
1831 775 2042 857 possit
2082 796 2441 856 numquam

407 884 792 949 quemquam
856 862 1081 927 stabili
1145 867 1212 927 et
1263 863 1450 926 firmo
1511 866 1577 926 et
1628 882 1864 946 magno
1918 863 2168 945 anim0,
2232 885 2437 947 quem

405 951 643 1017 fortem
700 951 911 1015 virum
966 950 1238 1014 dicimus
1247 1000 1265 1033 ,
1322 949 1492 1014 effici
1544 971 1762 1034 posse,
1814 950 1945 1015 nisi
1994 951 2435 1041 constitutum

407 1040 494 1104 sit
537 1060 670 1103 non
715 1060 854 1103 esse
899 1038 1145 1103 malum
1190 1037 1523 1103 dolorem?
1604 1035 1697 1102 Ut
1739 1038 1938 1120 enim,
1984 1039 2096 1121 qui
2142 1044 2427 1105 mortem

406 1128 476 1191 in
521 1126 709 1191 malis
754 1126 966 1210 ponit,
1007 1148 1140 1191 non
1173 1129 1392 1210 potest
1428 1147 1570 1189 eam
1608 1146 1742 1189 non
1784 1126 2039 1203 timere,
2086 1127 2182 1192 sic
2226 1149 2426 1193 nemo
2455 1153 2492 1191 ιο

406 1214 542 1279 ulla
584 1214 652 1277 in
696 1236 766 1277 re
805 1217 1024 1297 potest
1066 1214 1159 1297 id,
1206 1214 1378 1297 quod
1413 1214 1657 1279 malum
1694 1234 1835 1279 esse
1873 1214 2245 1298 decreverit,
2290 1238 2427 1282 non

407 1323 630 1367 curare
673 1301 865 1386 idque
909 1306 1337 1367 contemnere.
1421 1301 1563 1377 Quo
1610 1302 1823 1385 posito
1871 1305 1937 1366 et
1982 1303 2277 1367 omnium
2324 1326 2424 1367 as-

407 1411 601 1455 sensu
673 1390 1034 1473 approbato
1097 1390 1256 1454 illud
1322 1390 1703 1473 assumitur,
1768 1410 1939 1471 eum,
2005 1392 2115 1474 qui
2179 1412 2422 1475 magno

406 1478 495 1543 sit
550 1478 765 1542 animo
823 1482 1018 1560 atque
1069 1476 1253 1561 forti,
1305 1478 1553 1560 omnia,
1607 1500 1770 1563 quae
1826 1478 2047 1542 cadere
2094 1478 2167 1541 in
2209 1478 2414 1544 homi-

403 1588 551 1630 nem
603 1565 884 1649 possint,
938 1564 1264 1648 despicere
1320 1587 1396 1630 ac
1451 1588 1568 1650 pro
1624 1565 1829 1631 nihilo
1882 1570 2141 1655 putare.
2242 1566 2419 1643 Quae
2444 1592 2485 1631 1⁵

405 1676 551 1719 cum
610 1654 706 1719 ita
767 1654 925 1737 sint,
989 1654 1286 1718 effectum
1342 1657 1441 1717 est
1492 1654 1657 1717 nihil
1710 1674 1849 1719 esse
1905 1654 2185 1738 malum,
2248 1655 2418 1738 quod

403 1745 591 1824 turpe
628 1763 758 1806 non
795 1741 898 1805 sit.
951 1740 1167 1825 Atque
1195 1742 1321 1805 iste
1358 1742 1459 1806 vir
1495 1741 1663 1805 altus
1704 1744 1769 1806 et
1806 1742 2141 1826 excellenS,
2178 1763 2417 1827 magno

403 1830 648 1911 anime,
711 1850 859 1894 vere
913 1827 1130 1911 fortiS,
1192 1812 1364 1894 iffi
1424 1850 1491 1893 se
1550 1830 1767 1895 omm’a
1820 1828 2106 1894 humana
2158 1830 2416 1914 ducens,

401 1917 458 1981 is
467 1966 486 2001 ,
530 1918 819 2001 inquam,
865 1939 1055 2002 quem
1115 1917 1367 1985 efficere
1410 1916 1705 1982 volumus
1715 1968 1731 1999 ,
1779 1939 1969 2001 quem
2029 1920 2415 2003 quaerimuS,

403 2008 573 2068 certe
630 2008 695 2069 et
748 2005 1061 2069 confidere
1117 2004 1244 2069 sibi
1298 2004 1490 2069 debet
1544 2026 1618 2069 ac
1672 2026 1826 2069 suae
1880 2005 2055 2070 vitae
2110 2011 2178 2071 et
2234 2012 2413 2072 actae
2436 2032 2476 2071 ευ

403 2096 470 2156 et
506 2093 925 2175 consequenti
962 2095 1028 2155 et
1071 2093 1236 2157 bene
1283 2092 1360 2157 de
1400 2114 1538 2157 sese
1574 2092 1854 2157 iudicare
1910 2098 2206 2159 statuens
2251 2095 2413 2159 nihil

399 2200 592 2263 posse
629 2180 785 2243 mali
821 2179 1098 2245 incidere
1137 2179 1432 2263 sapienti.
1501 2180 1604 2245 Ex
1638 2202 1765 2265 quo
1802 2181 2209 2266 intellegitur
2244 2182 2411 2247 idem

400 2266 591 2351 illud,
645 2268 858 2331 solum
911 2268 1154 2333 bonum
1210 2289 1378 2350 esse,
1431 2267 1604 2350 quod
1655 2268 1997 2333 honestum
2055 2270 2167 2354 sit,
2222 2269 2411 2355 idque

402 2376 542 2419 esse
585 2355 776 2419 beate
821 2356 1060 2421 vivere:
1106 2355 1401 2433 honeste,
1446 2354 1515 2419 id
1551 2359 1649 2419 est
1683 2378 1828 2421 cum
1865 2356 2132 2441 virtute,
2178 2358 2409 2423 vivere.

529 2441 667 2508 Nec
713 2465 862 2509 vero
909 2444 1139 2527 ignoro
1185 2443 1401 2508 varias
1446 2443 1981 2527 philosophorum
2025 2445 2231 2510 fuisse
2274 2468 2406 2511 sen·
2431 2467 2470 2509 a

397 2532 666 2614 tentias,
712 2552 930 2596 eorum
977 2530 1119 2595 dico
1129 2581 1146 2614 ,
1200 2531 1311 2615 qui
1357 2554 1679 2595 summum
1723 2533 1993 2615 bonum,
2049 2533 2223 2617 quod
2269 2536 2406 2599 ulti-

397 2642 573 2686 mum
629 2620 910 2703 appello,
964 2618 1034 2685 in
1089 2618 1301 2683 animo
1358 2624 1690 2702 ponerent.
1789 2619 1967 2695 Quae
2022 2643 2407 2706 quamquam

395 2708 630 2773 vitiose
667 2707 930 2792 quidam
967 2706 1174 2771 secuti
1210 2711 1388 2788 sunt,
1429 2710 1649 2771 tamen
1675 2728 1809 2771 non
1834 2707 2027 2772 modo
2066 2709 2149 2773 iis
2182 2710 2403 2789 tribus,

396 2795 508 2877 qui
551 2795 861 2859 virtutem
909 2816 947 2859 a
994 2816 1245 2859 summo
1301 2795 1473 2859 bono
1523 2800 2049 2881 segregaverunt,
2102 2818 2250 2862 cum
2298 2801 2403 2863 aut

394 2880 796 2964 voluptatem
843 2885 956 2944 aut
991 2882 1383 2947 vacuitatem
1429 2882 1673 2947 doloris
1721 2887 1834 2948 aut
1878 2883 2095 2967 prima
2136 2889 2399 2951 naturae
2422 2908 2461 2948 ευ

393 2968 465 3032 in
519 2967 787 3031 summis
840 2967 1031 3033 bonis
1084 2975 1423 3053 ponerent,
1477 2970 1590 3035 sed
1644 2972 1839 3035 etiam
1896 2972 2122 3037 alteris
2180 2973 2402 3055 tribue,

393 3054 505 3140 qui
568 3075 866 3119 mancam
929 3054 1068 3119 fore
1120 3062 1515 3140 putaverunt
1569 3058 1708 3122 sine
1765 3058 1985 3142 aliqua
2046 3062 2400 3125 accessione

392 3144 700 3206 virtutem
755 3142 838 3206 ob
894 3163 1162 3227 eamque
1215 3166 1353 3209 rem
1407 3145 1607 3209 trium
1662 3167 1880 3210 earum
1939 3168 2186 3231 rerum,
2248 3168 2399 3231 quas

393 3251 588 3312 supra
632 3228 794 3314 dixi,
841 3230 1081 3315 singuli
1117 3232 1411 3317 singulas
1451 3232 1860 3317 addiderunt,
1909 3270 1987 3281 -
2036 3234 2143 3299 his
2188 3237 2401 3299 tamen

392 3317 692 3380 omnibus
740 3338 847 3381 eos
896 3322 1247 3401 antepon0‚
1293 3319 1678 3385 cuicuimodi
1717 3324 1893 3404 sunt,
1938 3322 2051 3406 qui
2087 3342 2459 3387 summumss

391 3401 634 3465 bonum
697 3402 768 3466 in
832 3405 1046 3469 animo
1113 3409 1305 3487 atque
1368 3407 1439 3470 in
1501 3407 1739 3472 virtute
1802 3413 2183 3491 posuerunt.
2286 3409 2398 3475 Sed

395 3493 546 3552 sunt
587 3492 810 3554 tamen
853 3491 1230 3573 perabsurdi
1275 3494 1344 3555 et
1386 3492 1462 3574 ii,
1518 3495 1630 3577 qui
1676 3516 1822 3559 cum
1876 3496 2150 3561 scientia
2196 3499 2397 3563 vivere
