2609 3884
736 148 871 203 ΜΒ.
908 149 948 203 L
1007 148 1161 206 CAP.
1198 154 1445 233 3⁷·ss40·
1505 154 1536 216 s
1572 154 1816 206 90-95,
2158 111 2289 216 310

256 315 518 395 tempus
575 310 742 375 mori
795 311 1104 376 miserum
1159 332 1319 376 esse.
1419 310 1605 388 Quod
1664 311 1929 376 tandem
1988 312 2289 398 tempus?

257 399 666 481 naturaene‘?
771 398 863 464 At
918 421 995 463 ea
1051 399 1306 483 quidem
1365 399 1544 464 dedit
1587 421 1848 465 usuram
1892 399 2066 466 vitae
2119 406 2288 465 tam-

260 510 460 572 quam
506 486 816 571 pecuniae
859 487 1041 552 nulla
1084 487 1478 571 praestituta
1523 487 1642 554 die.
1715 487 1884 564 Quid
1926 491 2025 552 est
2068 489 2289 573 igitur,

260 574 436 660 quod
473 597 759 660 querare,
797 575 853 639 si
888 576 1144 659 repetit,
1181 597 1329 640 cum
1363 576 1543 641 volt?
1590 597 1667 640 ea
1704 576 1875 641 enim
1913 576 2289 642 condicione

208 687 236 729 ⁵
263 685 624 747 acceperas.
696 662 920 747 Iidem,
955 663 1014 727 si
1056 685 1218 746 puer
1252 686 1491 748 parvus
1530 664 1791 746 occidit,
1828 686 2032 749 aequo
2071 665 2287 730 animo
2367 714 2376 724 .

260 751 604 818 ferendum
640 754 900 835 putant,
945 751 1004 817 si
1047 773 1200 818 vero
1238 753 1311 817 in
1350 754 1560 837 cunis,
1604 774 1686 818 ne
1722 753 2115 836 querendum
2152 754 2289 838 qui·

264 839 430 905 dem.
508 837 714 923 Atqui
760 839 843 904 ab
889 839 1015 904 1100
1059 840 1351 905 acerbius
1399 841 1615 926 exegit
1659 845 1919 923 natura,
1965 841 2137 925 quod
2183 842 2288 906 de-

264 928 466 993 derat.
555 925 864 992 Nondum
909 931 1319 1013 gustaverat,
1362 929 1599 1014 inquit,
1652 929 1826 994 vitae
1873 929 2288 1014 suavitatem3

260 1015 372 1082 1110
418 1019 638 1080 autem
680 1015 814 1082 iam
859 1016 1169 1099 sperabat
1209 1036 1477 1101 magna,
1523 1017 1757 1101 quibus
1801 1016 1932 1082 frui
1973 1021 2288 1101 coeperat.

189 1131 236 1170 ιο
265 1104 358 1170 At
391 1103 460 1169 id
494 1103 756 1188 quidem
791 1104 862 1168 in
897 1103 1127 1169 ceteris
1163 1105 1357 1169 rebus
1395 1105 1627 1170 melius
1663 1108 1957 1191 putatur,
2004 1105 2290 1190 aliquam

263 1196 523 1276 partem
578 1214 772 1276 quam
827 1193 1076 1256 nullam
1141 1192 1491 1277 attingere;
1556 1215 1668 1258 cur
1729 1193 1799 1258 in
1860 1194 1999 1259 vita
2061 1194 2289 1259 secus?

265 1281 674 1365 Quamquam
728 1301 861 1345 non
913 1280 1084 1346 male
1141 1280 1236 1345 ait
1290 1279 1727 1346 Callimachus
1772 1283 1979 1348 multo
2031 1283 2289 1366 saepius

263 1370 640 1434 lacrimasse
691 1367 1025 1434 Priamum
1081 1391 1276 1453 quam
1330 1369 1637 1434 Troilum.
1743 1369 1992 1435 Eorum
2056 1374 2290 1455 autem,

265 1458 379 1543 qui
423 1460 652 1522 exacta
695 1460 908 1522 aetate
953 1459 1347 1541 moriuntur,
1397 1457 1661 1522 fortuna
1702 1458 2023 1524 laudatur.
2112 1455 2287 1523 Cur?

187 1571 237 1610 15
265 1568 443 1628 nam,
487 1566 663 1630 reor,
706 1546 931 1630 nullis,
977 1545 1035 1610 si
1069 1547 1210 1610 vita
1245 1546 1507 1631 longior
1544 1546 1835 1627 daretur,
1880 1549 2104 1629 posset
2146 1568 2288 1612 esse

263 1634 618 1700 iucundior.
705 1633 890 1699 Nihil
935 1633 1104 1698 enim
1151 1636 1252 1698 est
1309 1633 1601 1717 profecto
1648 1632 1903 1698 homini
1945 1633 2289 1718 prudentia

264 1722 534 1806 dulcius,
580 1744 794 1806 quam,
838 1725 914 1786 ut
949 1725 1162 1787 cetera
1198 1721 1468 1806 auferat,
1514 1720 1725 1786 adfert
1760 1724 1933 1786 certe
1974 1725 2288 1787 senectus.

264 1810 447 1887 Quae
491 1832 644 1876 vero
691 1813 870 1876 aetas
923 1810 1124 1896 longa
1183 1813 1309 1894 est,
1364 1813 1478 1876 aut
1523 1809 1678 1894 quid
1732 1809 1994 1875 omnino
2038 1809 2289 1875 homini

265 1899 578 1986 longum?
623 1919 836 1964 nonne

188 2049 240 2087 20
399 2021 623 2088 M6do
678 2043 990 2108 pueros,
1043 2022 1260 2088 modo
1324 2022 1868 2087 adulescentes
1920 2020 1999 2086 1'n
2065 2043 2289 2088 cursu

1346 2133 1387 2175 a
1428 2114 1649 2196 tergo
1694 2107 2109 2194 insequens

398 2198 556 2264 Nec
603 2198 1006 2283 opinantis
1055 2198 1423 2264 adsecuta
1469 2203 1585 2263 est

266 2339 610 2408 senectus?
684 2338 809 2405 Sed
855 2339 1008 2423 quia
1050 2340 1223 2404 ultra
1256 2339 1427 2404 nihil
1462 2340 1804 2425 habemus,
1849 2340 1976 2407 1100
2021 2341 2291 2425 longum

265 2429 563 2495 dicimus.
634 2427 867 2493 Omnia
903 2429 1059 2511 ista,
1105 2427 1371 2512 perinde
1406 2430 1483 2493 ut
1516 2428 1745 2512 cuique
1784 2427 1938 2492 data
1974 2431 2127 2493 sunt
2169 2450 2289 2512 pro

266 2521 414 2582 rata
458 2519 672 2601 parte,
719 2516 817 2580 ita
861 2519 977 2580 aut
1018 2517 1218 2601 longa
1264 2519 1379 2580 aut
1422 2516 1649 2581 brevia
1691 2516 2005 2580 dicuntur.
2093 2515 2290 2599 Apud

187 2631 239 2670 25
265 2605 606 2690 Hypanim
663 2604 956 2688 fluvium,
1012 2605 1124 2688 qui
1179 2604 1260 2669 ab
1308 2603 1608 2688 Europae
1663 2607 1851 2687 parte
1894 2604 1965 2668 in
2007 2603 2289 2669 Pontum

265 2693 508 2778 influit,
563 2692 949 2757 Aristoteles
1003 2693 1096 2757 ait
1147 2692 1459 2758 bestiolas
1508 2691 1821 2776 quasdam
1864 2691 2072 2776 nasci,
2128 2713 2289 2776 quae

264 2803 470 2846 unum
515 2781 685 2845 diem
731 2781 970 2846 vivant.
1067 2779 1170 2846 Ex
1223 2779 1329 2845 his
1383 2780 1587 2865 igitur
1630 2779 1795 2845 hora
1839 2782 2071 2845 octava
2126 2802 2290 2864 quae

265 2872 527 2935 mortua
581 2872 709 2952 est,
761 2871 1069 2952 provecta
1123 2872 1336 2934 aetate
1399 2872 1657 2934 mortua
1719 2870 1846 2951 est3
1911 2890 2075 2952 quae
2137 2889 2289 2934 vero

265 2956 603 3024 occidente
639 2957 796 3040 sole,
833 2956 1172 3041 decrepita,
1219 2978 1294 3024 eo
1333 2957 1559 3041 magis,
1606 2957 1664 3020 si
1711 2957 1909 3021 etiam
1956 2957 2290 3022 solstitiali

186 3072 239 3112 ao
266 3046 388 3111 die.
446 3043 687 3110 Confer
713 3049 1008 3111 nostram
1042 3045 1492 3130 longissimam
1522 3048 1806 3110 aetatem
1834 3067 1979 3110 cum
2018 3047 2289 3110 aeterni-

266 3138 431 3218 tat03
485 3133 556 3198 in
609 3133 834 3198 eadem
885 3133 1352 3218 propemodum
1404 3132 1753 3216 brevitate,
1808 3155 1934 3218 qua
1987 3133 2138 3198 illae
2184 3133 2290 3198 be-

268 3222 530 3306 stiolae,
575 3222 982 3305 reperiemur.

403 3307 910 3376 Contemnamus
963 3309 1168 3394 igitur
1222 3311 1430 3375 omnis
1497 3310 1779 3394 ineptias
1847 3307 2049 3396 (quod
2112 3309 2288 3374 enim
2306 3287 2394 3378 49

265 3399 476 3465 levius
527 3398 681 3464 huic
732 3398 985 3463 levitati
1027 3418 1265 3462 nomen
1318 3397 1725 3483 imponamP)
1778 3402 2111 3481 totamque
2158 3397 2289 3461 vim

187 3511 239 3552 ³5
264 3487 432 3553 bene
483 3486 742 3552 vivendi
796 3487 866 3551 in
921 3486 1120 3550 animi
1172 3485 1408 3551 robore
1463 3507 1538 3551 ac
1593 3485 2036 3566 magnitudine
2098 3487 2163 3548 et
2219 3483 2289 3547 in

2326 1481 2394 1531 94

2326 3364 2392 3413 90
