2609 3884
321 161 410 227 28
864 158 1449 215 AOADEMIOORUM
1483 155 1817 230 PRIORUM

219 339 288 388 14
325 324 507 408 sequi
558 308 803 387 dicunt.
903 320 1218 387 Similiter
1270 343 1388 386 vos
1444 342 1590 385 cum
1643 321 2051 405 perturbare,
2104 326 2180 387 ut
2240 322 2357 387 illi

321 434 461 477 rem
512 411 871 495 publicam,
936 411 1029 477 sic
1083 431 1200 474 vos
1252 408 1737 492 philosophiam
1790 409 1955 482 bene
2002 411 2135 474 iam
2194 433 2353 476 con-

324 502 622 565 stitutam
684 499 898 563 velitis
918 546 934 576 ,
1005 496 1477 580 Empedoclen,
1547 496 2023 583 Anaxagoran,
2108 496 2352 564 Demo·

323 589 560 654 critum
570 637 589 671 ,
659 585 1112 668 Parmeniden,
1181 583 1675 668 Xenophanem,
1740 585 2081 651 Platonem
2144 587 2351 652 etiam

324 680 391 741 et
453 674 787 741 Socratem
860 674 1185 758 profertis.
1303 670 1433 738 Sed
1502 694 1709 757 neque
1784 671 2200 759 Saturninus,
2270 679 2351 740 ut
2382 700 2420 742 5

323 769 622 830 nostrum
664 763 997 826 inimicum
1041 761 1457 845 potissimum
1501 762 1857 846 nominem,
1913 762 2119 827 simile
2166 763 2348 848 quid-

325 875 518 937 quam
555 851 790 916 habuit
823 853 1116 915 veterum
1161 849 1450 932 illorum,
1494 869 1615 914 nec
1655 848 1986 914 Arcesilae
2024 851 2352 916 calumnia

325 939 714 1006 conferenda
759 941 862 1002 est
905 935 1050 1002 cum
1100 937 1461 1003 Democriti
1504 937 1903 1004 verecundia.
1992 938 2085 1003 Et
2126 942 2353 1004 tamen

325 1029 438 1093 isti
473 1023 933 1112 physici⁸raro
983 1025 1356 1109 admodum,
1416 1047 1561 1089 cum
1606 1025 1877 1091 haerent
1922 1027 2136 1110 aliquo
2181 1027 2353 1112 1060,

326 1118 694 1182 exclamant
746 1115 935 1199 quasi
987 1117 1203 1178 mente
1247 1113 1539 1192 incitati,
1596 1112 2023 1198 Empedocles
2070 1115 2353 1200 quidem,
2380 1143 2445 1184 111

325 1209 400 1269 111
435 1204 759 1269 interdum
796 1201 956 1266 mihi
990 1201 1203 1266 furere
1239 1201 1550 1286 videatur,
1592 1202 1895 1267 abstrusa
1931 1224 2072 1268 esse
2110 1205 2355 1288 omnia,

325 1293 492 1357 nihil
545 1314 666 1357 nos
721 1290 990 1374 sentire,
1040 1289 1208 1354 nihil
1263 1311 1553 1372 cernere,
1614 1289 1781 1354 nihil
1836 1291 2097 1356 omnino
2159 1293 2353 1376 quale

327 1382 416 1446 sit
459 1401 652 1464 posse
701 1379 1015 1462 reperire3
1070 1377 1381 1442 maiorem
1437 1381 1651 1442 autem
1696 1381 1947 1462 partem
2001 1379 2165 1444 mihi
2211 1381 2354 1464 qui-

329 1469 475 1533 dem
519 1488 742 1533 omnes
797 1467 910 1530 isti
962 1466 1262 1530 videntur
1316 1465 1509 1530 nimis
1556 1465 1755 1530 etiam
1800 1467 2113 1550 quaedam
2160 1468 2351 1532 adfir—

224 1580 290 1628 15
329 1578 506 1621 mare
549 1556 824 1640 plusque
867 1554 1160 1638 profiteri
1207 1575 1276 1618 se
1322 1553 1511 1637 scire,
1557 1576 1750 1637 quam
1797 1555 2021 1620 sciant.
2102 1555 2349 1632 Quodsi
2380 1583 2441 1624 15

327 1646 424 1709 illi
467 1649 609 1708 tum
653 1643 725 1707 in
759 1643 947 1707 novis
983 1642 1178 1707 rebus
1217 1643 1403 1726 quasi
1439 1641 1631 1706 modo
1677 1647 2017 1708 nascentes
2062 1643 2351 1709 haesita-

327 1736 577 1814 verunt,
611 1731 864 1795 nihilne
900 1732 1002 1794 tot
1036 1730 1339 1809 saeculis,
1378 1730 1645 1794 summis
1682 1730 1985 1814 ingeniis,
2026 1733 2349 1798 maxumis

331 1821 560 1886 studiis
616 1819 1004 1902 explicatum
1057 1817 1406 1902 putamus?
1459 1839 1704 1897 nonne,
1757 1839 1902 1882 cum
1956 1820 2088 1883 iam
2136 1821 2351 1904 philo·

331 1907 681 1990 sophorum
736 1905 1112 1988 disciplinae
1175 1906 1602 1989 gravissimae
1676 1907 2146 1992 constitissent,
2186 1912 2351 1974 tum

331 1998 590 2060 exortus
656 1996 781 2075 est,
841 1996 916 2057 ut
974 1993 1044 2056 in
1103 1997 1371 2076 optuma
1422 2016 1491 2058 16
1543 1993 1805 2077 publica
1858 1994 1954 2059 Ti.
2000 1994 2350 2083 GracchuS,
2378 2025 2439 2066 20

331 2084 442 2168 qui
487 2082 694 2146 otium
737 2080 1175 2168 perturbaret,
1223 2082 1315 2146 616
1360 2081 1688 2146 Arcesilas
1705 2131 1721 2160 ,
1772 2084 1881 2166 qui
1920 2085 2351 2154 constitutam

329 2169 814 2255 philosophiam
869 2171 1186 2233 everteret
1237 2176 1304 2233 et
1354 2170 1425 2234 in
1480 2191 1704 2234 eorum
1764 2172 2148 2236 auctoritate
2195 2173 2351 2238 deli·

331 2262 630 2342 tesceret,
685 2257 793 2340 qui
845 2257 1261 2342 negavissent
1316 2257 1663 2341 quidquam
1718 2259 1868 2324 sciri
1930 2263 2046 2324 aut
2104 2261 2353 2345 percipi

331 2345 570 2430 posse?
635 2366 907 2430 quorum
972 2366 1006 2408 e
1070 2366 1339 2410 numero
1394 2344 1716 2410 tollendus
1770 2350 1874 2411 est
1926 2351 1992 2412 et
2039 2347 2231 2415 Plato
2286 2354 2353 2414 et

335 2433 630 2501 Socrates
639 2484 658 2518 ,
713 2434 903 2517 alter,
957 2434 1112 2518 quia
1153 2433 1416 2516 reliquit
1467 2433 2009 2517 perfectissimam
2067 2436 2350 2521 discipli·
2376 2463 2435 2506 25

329 2545 510 2608 nam,
571 2522 1041 2606 Peripateticos
1105 2524 1172 2586 et
1222 2521 1672 2606 Academicos,
1732 2524 2107 2589 nominibus
2172 2525 2349 2590 diffe-

330 2618 571 2697 rentes,
633 2633 704 2676 16
757 2613 1212 2697 congruentes,
1275 2633 1317 2675 a
1378 2610 1611 2694 quibus
1675 2608 1881 2676 Stoici
1942 2612 2072 2695 ipsi
2132 2614 2350 2680 verbis

239 2694 256 2709 ’
332 2701 543 2784 magis
605 2721 797 2783 quam
853 2699 1188 2763 sententiis
1243 2699 1713 2782 dissenserunt3
1777 2696 2075 2766 Socrates
2130 2705 2350 2766 autem

334 2787 410 2850 de
457 2787 701 2874 seipse
748 2786 1090 2850 (16116116116
1126 2788 1198 2851 111
1232 2787 1669 2870 disputatione
1706 2787 1847 2871 plus
1882 2789 2217 2854 tribuebat
2248 2790 2351 2874 116,
2422 2868 2430 2874 ,

335 2895 495 2958 quos
533 2873 796 2938 volebat
829 2873 1138 2938 refellere.
1215 2871 1324 2936 lta
1394 2895 1539 2937 cum
1612 2873 1789 2938 aliud
1861 2874 2101 2939 diceret
2156 2881 2350 2962 atque
2376 2904 2431 2945 ao

334 2961 631 3041 sentiret,
698 2960 976 3024 libenter
1037 2960 1136 3024 uti
1199 2960 1431 3025 solitus
1504 2965 1605 3026 est
1668 2983 1744 3025 66
1816 2962 2351 3051 dissimulatione,

335 3071 527 3133 quam
582 3047 810 3112 Graeci
868 3048 1216 3131 εἰρωνείαν
1278 3051 1545 3133 vocant3
1610 3071 1804 3134 quam
1868 3051 1960 3117 ait
2022 3053 2220 3118 etiam
2282 3056 2352 3120 in

334 3137 644 3201 Africano
688 3134 892 3199 fuisse
934 3133 1248 3219 Fannius,
1296 3136 1489 3221 idque
1534 3140 1881 3222 propterea
1923 3140 2235 3206 vitiosum
2278 3143 2352 3207 in

269 3293 284 3312 ⁸
333 3225 448 3289 illo
494 3244 628 3288 non
670 3223 1058 3308 putandum,
1104 3223 1277 3308 quod
1319 3225 1493 3289 idem
1536 3225 1733 3291 fuerit
1776 3227 1846 3291 in
1891 3225 2173 3294 Socrate.

246 3295 287 3357 b
468 3309 592 3376 Sed
653 3311 896 3375 fuerint
959 3313 1074 3376 illa
1145 3313 1471 3378 veteribus
1480 3365 1497 3398 ,
1570 3314 1627 3378 si
1700 3314 1897 3380 voltis
1911 3365 1930 3399 ,
2001 3318 2349 3403 incognita.
2375 3344 2427 3388 35

229 3371 294 3420 ¹⁶
331 3399 596 3466 Nihilne
679 3403 778 3464 est
855 3400 1058 3485 igitur
1138 3404 1357 3465 actum
1373 3452 1393 3486 ,
1474 3400 1646 3486 quod
1714 3401 2111 3490 investigata
2182 3410 2352 3489 sunt,

333 3493 757 3574 posteaquam
812 3489 1137 3554 Arcesilas
1193 3487 1466 3572 Zenoni,
1514 3492 1589 3553 ut
1640 3493 1933 3576 putatur,
1980 3492 2349 3559 obtrectans

1392 3873 1796 3884 „M
1812 3806 2609 3884 fflffi-—A
