2609 3884
734 185 868 241 ΜΒ.
905 185 948 243 1.
1005 183 1162 261 041³.
1203 191 1259 254 1,
1296 191 1347 242 2.
1404 190 1435 250 s
1475 191 1646 242 1—-7,
2170 186 2213 251 5

191 347 556 432 spondebo,
602 345 716 413 sed
761 369 836 412 ea
883 346 1118 430 dicam,
1164 368 1327 431 quae
1372 347 1534 412 mihi
1580 350 1732 413 sunt
1776 348 1843 412 in
1888 351 2215 434 promptu,

190 437 364 521 quod
409 437 542 500 ista
584 435 730 520 ipsa
777 435 856 500 de
891 456 960 498 re
997 436 1290 518 multum,
1335 438 1410 500 ut
1454 434 1603 520 dixi,
1648 440 1714 501 et
1764 436 1873 501 diu
1911 436 2213 522 cogitavi.

186 524 365 590 Nam
403 546 550 589 cum
586 523 1068 607 philosophiam
1094 522 1378 588 viderem
1415 523 1911 608 diligentissime
1952 523 2213 590 Graecis

187 612 430 677 litteris
479 610 892 696 explicatam,
937 611 1329 694 existimavi,
1386 611 1444 676 si
1499 613 1609 697 qui
1664 613 1741 678 de
1784 613 2029 678 nostris
2076 613 2213 678 eius

137 726 164 766 5
194 700 412 765 studio
462 701 861 783 tenerentur,
919 700 978 764 si
1023 703 1240 764 essent
1283 695 1549 765 Graecis
1604 700 1914 767 doctrinis
1962 701 2216 785 eruditi,

192 788 440 853 Graeca
486 789 704 872 potius
752 809 946 873 quam
981 791 1208 854 nostra
1247 788 1555 872 lecturos3
1603 789 1709 854 sin
1744 811 1787 854 a
1820 788 2217 854 Graecorum

193 877 448 941 artibus
521 879 588 940 et
659 875 1020 959 disciplinis
1081 875 1530 959 abhorrerent,
1590 897 1672 941 ne
1733 876 1893 942 haec
1956 877 2215 962 quidem

191 967 559 1047 curaturos,
605 985 770 1048 quae
827 963 966 1028 sine
1026 963 1387 1029 eruditione
1434 959 1682 1030 Graeca
1732 965 2027 1050 intellegi
2081 986 2213 1032 non

59 1103 64 1106 -
190 1054 488 1136 possunt.
586 1051 816 1136 Itaque
872 1073 948 1116 ea
999 1051 1182 1116 nolui
1229 1051 1536 1136 scribere,
1587 1074 1751 1137 quae
1808 1074 1927 1118 nec
1969 1051 2215 1118 indocti

113 1167 162 1206 ιο
190 1139 572 1224 intellegere
623 1141 895 1224 possent
946 1161 1064 1205 nec
1121 1139 1296 1205 docti
1348 1140 1565 1225 legere
1610 1145 1925 1207 curarent.
2012 1140 2213 1206 Vides
2252 1151 2289 1202 5

191 1231 412 1292 autem
451 1225 706 1314 (eadem
744 1227 915 1293 enim
947 1228 1090 1311 ipse
1127 1227 1437 1313 didicisti)
1473 1250 1607 1295 non
1640 1250 1830 1313 posse
1864 1249 1987 1294 nos
2021 1228 2214 1293 Ama-

188 1315 334 1380 finii
380 1319 496 1380 aut
537 1314 794 1380 Rabirii
839 1316 1082 1380 similes
1129 1337 1297 1399 esse,
1352 1316 1462 1400 qui
1505 1316 1687 1382 nulla.
1730 1320 1871 1383 arte
1918 1315 2216 1382 adhibita

191 1404 270 1468 de
305 1404 503 1468 rebus
541 1408 692 1468 ante
721 1405 940 1470 oculos
977 1404 1207 1488 positis
1240 1404 1351 1469 vul
1440 1404 1500 1468 ri
1570 1426 1639 1468 er
1865 1404 2217 1490 disputant,

188 1490 360 1556 nihil
389 1489 716 1574 definiunt,
741 1491 910 1556 nihil
927 1493 1314 1576 partiuntur,
1340 1492 1411 1556 ni
1458 1514 1479 1555 1
1526 1496 1683 1577 apta
1708 1493 2215 1578 interrogatione

114 1607 166 1648 15
195 1578 609 1663 concludunt,-
643 1580 892 1644 nullam
929 1579 1202 1664 denique
1239 1583 1445 1645 artem
1481 1601 1621 1646 esse
1657 1602 1777 1646 nec
1810 1580 2062 1647 dicendi
2094 1602 2215 1646 nec

193 1666 552 1732 disserendi
586 1670 842 1753 putant.
902 1666 1044 1733 Nos
1084 1671 1302 1732 autem
1337 1670 1701 1752 praeceptis
1734 1668 2215 1736 dialecticorum

193 1759 260 1820 et
322 1758 655 1820 oratorum
701 1756 896 1821 etiam
906 1805 926 1839 ,
981 1757 1283 1840 quoniam
1337 1758 1676 1840 utramque
1728 1758 1863 1821 vim
1906 1757 2214 1823 virtutem

192 1865 338 1908 esse
394 1842 610 1908 nostri
670 1847 934 1928 putant,
996 1845 1090 1908 sic
1147 1847 1475 1928 parenteS,
1529 1847 1603 1909 ut
1654 1842 1937 1928 legibus,
1999 1845 2213 1910 verbis

193 1953 450 2016 quoque
505 1931 694 1997 novis
760 1932 1052 2017 cogimur
1112 1933 1236 2016 uti,
1303 1953 1466 2016 quae
1527 1932 1704 1998 docti
1713 1982 1733 2016 ,
1804 1936 1879 1998 ut
1946 1931 2107 2016 dixi,
2176 1955 2215 1997 a

72 2047 164 2088 .2o
193 2019 458 2084 Graecis
522 2024 742 2103 petere
804 2020 1078 2104 malent,
1139 2019 1383 2085 indocti
1444 2042 1527 2086 ne
1592 2042 1631 2085 a
1691 2021 1882 2087 nobis
1956 2021 2214 2105 quidem

193 2107 542 2191 accipient,
603 2110 680 2172 ut
737 2107 984 2173 frustra
1047 2109 1258 2172 omnis
1325 2109 1714 2193 suscipiatur
1780 2109 1964 2174 labor.
2072 2107 2213 2175 Iam
2250 2122 2285 2171 6

191 2216 348 2260 vero
393 2195 691 2279 physica,
739 2196 796 2260 si
831 2195 1213 2280 Epicurum,
1256 2196 1325 2261 id
1359 2199 1461 2261 est
1495 2197 1553 2262 si
1587 2196 2033 2262 Democritum
2069 2219 2215 2282 pro·

191 2285 448 2367 barem,
491 2304 752 2367 possem
791 2284 1069 2348 scribere
1105 2285 1202 2348 ita
1235 2284 1448 2368 plane,
1482 2288 1559 2348 ut
1590 2283 1980 2351 Amafinius.·
2047 2284 2216 2361 Quid

194 2374 296 2436 est
371 2371 546 2434 enim
623 2391 957 2456 magnum,
1042 2393 1188 2437 cum
1268 2393 1495 2437 causas
1580 2394 1795 2437 rerum
1875 2373 2217 2438 efficientis

113 2486 166 2527 25
197 2458 562 2541 sustuleriS,
599 2459 674 2522 de
704 2460 1232 2542 corpusculorum
1259 2459 1383 2545 (ita
1418 2461 1591 2525 enim
1618 2461 1906 2544 appellat
1932 2459 2214 2544 atomos)

194 2547 612 2613 concursione
655 2547 926 2612 fortuita
970 2548 1194 2633 loqui?
1286 2545 1353 2612 N
1354 2551 1533 2612 ostra
1576 2551 1651 2613 tu
1693 2547 1968 2631 physica
2009 2547 2214 2630 nosti3

195 2657 360 2720 quae
399 2656 544 2700 cum
580 2637 1031 2701 contineantur
1077 2657 1154 2701 ex
1198 2635 1535 2700 effectione
1574 2639 1639 2700 et
1684 2656 1761 2699 ex
1805 2636 2081 2700 materia
2122 2657 2217 2718 ea,

194 2745 392 2808 quam
437 2723 628 2807 fingit
671 2726 738 2787 et
779 2722 1023 2789 format
1066 2723 1345 2806 effectiO,
1402 2722 1764 2788 adhibenda
1817 2723 2014 2788 etiam
2067 2743 2217 2808 geo-

193 2811 430 2876 metria
459 2815 582 2894 est3
621 2833 816 2895 quam
843 2812 1232 2895 quibusnam
1261 2812 1601 2896 quisquam
1638 2811 1974 2876 enuntiare
1999 2810 2217 2877 verbis

113 2926 165 2965 ao
193 2902 306 2964 aut
353 2921 544 2983 quem
589 2898 672 2962 ad
723 2899 1232 2984 intellegendum
1285 2899 1531 2984 poterit
1584 2898 1941 2966 adducere?
2034 2898 2219 2964 Haec

190 2988 338 3072 ipsa
384 2987 465 3052 de
501 2987 641 3052 vita
677 2990 743 3052 et
780 2988 1070 3053 moribus
1117 2991 1184 3052 et
1227 2988 1306 3052 de
1354 2986 1723 3072 expetendis
1766 2987 2217 3073 fugiendisque

189 3075 382 3140 rebus
435 3075 538 3140 illi
585 3074 990 3162 simpliciter;
1044 3076 1309 3160 pecudis
1365 3077 1537 3140 enim
1592 3079 1658 3141 et
1709 3075 1993 3142 hominis
2047 3076 2217 3140 idem

189 3165 440 3229 bonum
485 3185 626 3229 esse
673 3167 960 3249 censent3
1008 3165 1181 3248 apud
1222 3167 1484 3229 nostros
1522 3167 1741 3229 autem
1775 3186 1908 3229 non
1950 3164 2221 3248 ignoras-

190 3273 356 3336 quae
411 3250 500 3316 sit
551 3255 618 3316 et
679 3256 922 3336 quanta
985 3252 1331 3317 subtilitas.
1441 3249 1588 3317 Sive
1654 3253 1823 3317 enim
1892 3250 2216 3317 Zenonem
2254 3263 2285 3312 7

116 3365 164 3405 ³5
191 3361 492 3424 sequare,
539 3361 849 3424 magnum
885 3343 986 3405 est
1033 3341 1313 3424 efficere,
1358 3343 1433 3404 ut
1469 3341 1614 3425 quis
1651 3340 2017 3425 intellegat,
2063 3338 2218 3423 quid

191 3428 277 3492 sit
332 3426 497 3492 illud
548 3449 776 3493 verum
833 3432 902 3492 et
947 3428 1221 3514 simplex
1273 3428 1543 3512 bonum,
1598 3428 1771 3512 quod
1820 3449 1953 3492 non
2006 3426 2217 3511 possit

191 3517 274 3580 ab
320 3515 668 3582 honestate
725 3517 978 3604 seiungi
1023 3515 1224 3604 (quod
1267 3516 1509 3581 bonum
1557 3516 1745 3601 quale
1790 3515 1904 3598 sit,
1952 3513 2215 3579 omnino
