2609 3884
326 213 404 267 VI
961 204 1388 260 ADNOTATIO
1427 203 1731 264 ORITICA.

327 368 531 423 Baiter.
570 397 638 408 -
673 366 736 421 P.
777 371 860 421 14.
901 370 966 420 19
1003 380 1186 422 rerum
1219 365 1366 420 notis
1399 363 1561 433 quasi
1594 363 1823 419 ducibus
1865 363 2073 432 Davis„
2108 364 2335 434 Baiter„

326 440 487 509 quasi
511 453 691 494 rerum
716 438 861 492 notis
885 437 1118 492 ducibus
1145 435 1324 502 codd„
1350 435 1511 504 quasi
1536 450 1717 489 rerum
1747 435 2122 490 notationibus
2146 436 2333 492 Halm.

327 539 395 549 —
431 509 492 563 P.
532 513 616 563 14.
654 512 721 562 21
767 507 995 576 denique
1039 504 1257 574 scripsi,
1302 505 1367 558 in
1415 520 1528 573 qua
1570 505 1762 572 codd.‚
1805 509 1843 572 †
1877 506 1942 560 in
1985 521 2097 574 qua
2129 506 2337 574 Halm,

325 581 389 636 in
415 594 520 648 quo
546 579 722 646 Man„
756 577 991 644 Baiter.‚
1026 577 1109 630 ita
1135 574 1384 642 Madvig.
1414 603 1481 614 -
1508 574 1571 628 P.
1603 579 1684 629 14.
1714 581 1781 630 23
1809 575 2125 646 [oratoria]
2150 576 2335 630 Halm.

329 681 395 690 —
432 650 494 703 P.
526 655 609 703 14.
647 653 716 704 25
751 648 908 703 Haec
941 651 1058 702 erat
1091 646 1205 700 illis
1239 644 1421 711 forma
1454 644 1719 715 Madvig„
1756 644 1930 713 Bait,
1965 646 2121 701 Haec
2146 648 2339 716 prima

327 724 446 776 erat
477 720 592 774 illis
618 719 810 788 prima
845 716 965 772 cod.
1004 714 1140 769 Ged.
1154 756 1168 781 ,
1211 714 1369 770 Haec
1402 719 1521 770 erat
1553 716 1667 770 illis
1694 717 1884 784 prima
1916 715 2147 785 reliqui,
2182 717 2340 772 Haec

327 794 508 859 forma
541 793 660 846 erat
691 789 806 842 illis
836 788 1076 856 primum
1109 784 1295 840 Halm,
1335 814 1403 824 —
1437 783 1501 839 P.
1533 792 1615 840 14.
1652 791 1721 840 26
1757 787 2157 855 dissupationes
2190 787 2337 842 Bait.

329 878 398 914 ex
441 858 652 915 Halmii
695 857 861 923 coni.‚
920 856 1317 924 disputationes
1361 854 1521 909 codd.
1534 897 1549 923 ‚
1592 857 1993 912 immutationes
2035 857 2219 912 Halm.
2268 888 2337 897 —

327 930 390 985 P.
432 937 516 985 14.
559 935 628 983 36
672 929 838 996 ferret
881 925 1038 992 Em„
1081 924 1224 979 Bait.
1263 955 1331 965 —
1367 923 1431 981 P.
1472 931 1552 980 15.
1591 931 1657 981 15
1701 931 1739 994 †
1774 931 2071 983 moveretur
2111 927 2337 996 Baiter„

320 1003 631 1071 partiretwr
669 996 918 1064 Bentley.
955 994 1082 1050 Vid.
1118 995 1251 1049 fam.
1288 995 1394 1050 XV
1427 1000 1515 1050 21.
1547 1001 1583 1050 4
1619 1001 1774 1052 acute
1806 998 2133 1053 movebatur.
2170 1028 2239 1038 —
2272 996 2337 1054 P.

333 1077 414 1125 15.
443 1076 511 1124 20
538 1068 816 1123 incideret
838 1065 1004 1134 Bait.‚
1030 1066 1304 1120 inciderit
1331 1065 1453 1121 rell.
1482 1096 1550 1106 —
1576 1065 1639 1122 P.
1671 1072 1754 1121 15.
1784 1073 1850 1121 31
1878 1068 2053 1138 [esse]
2080 1066 2351 1122 Ernestio·

329 1142 555 1196 auctore
591 1137 764 1204 Bait„
808 1153 921 1192 non
955 1153 1011 1205 p.
1053 1142 1136 1191 10.
1173 1141 1269 1202 133
1304 1135 1418 1192 vid.
1454 1136 1641 1191 Madv.
1680 1137 1749 1192 de
1794 1138 1885 1193 fin.
1922 1155 1978 1209 p.
2018 1144 2119 1192 733
2149 1156 2230 1206 sq.
2270 1169 2337 1178 -—

295 1206 390 1266 Ῥ.
432 1215 515 1264 16.
555 1214 621 1262 11
666 1208 1151 1276 perturbationem
1202 1222 1317 1261 non
1371 1208 1495 1260 erat
1538 1224 1635 1260 cur
1676 1207 1860 1261 Halm.
1908 1210 1966 1262 et
2007 1208 2153 1263 Bait.
2212 1226 2337 1264 cum

329 1280 456 1336 aliis
491 1279 777 1334 mutarent
818 1277 880 1332 in
915 1277 1401 1347 pertua-tationes,
1444 1291 1550 1331 nec
1593 1295 1645 1331 v.
1686 1283 1750 1332 13
1790 1295 1888 1332 cur
1922 1294 1986 1334 ea
2028 1278 2089 1332 in
2124 1295 2229 1335 eas.
2270 1311 2337 1320 —

327 1349 391 1404 P.
430 1355 515 1405 16.
553 1355 621 1404 23
668 1365 748 1416 sq.
795 1353 860 1402 ut
902 1351 1162 1417 quattuor
1205 1347 1389 1402 initiis
1425 1376 1491 1386 —
1528 1348 1803 1402 adhiberet
1844 1348 1995 1419 vulg.
2046 1349 2229 1404 deleto
2257 1350 2339 1416 in,

331 1420 482 1490 quod
517 1421 601 1473 est
625 1418 684 1471 in
713 1418 873 1472 codd.
911 1419 1041 1472 ante
1078 1421 1363 1487 quattuor,
1400 1420 1747 1486 corruptum,
1784 1418 1969 1486 cred0‚
2006 1435 2075 1473 ex
2111 1419 2227 1487 IV,
2254 1421 2342 1474 uti

328 1495 588 1561 quattuor
621 1488 827 1543 Baiter.
865 1519 932 1530 -
967 1487 1030 1543 P.
1070 1493 1155 1544 16.
1193 1494 1261 1542 26
1308 1489 1487 1556 ipsam
1520 1504 1657 1543 eam
1690 1493 1950 1544 natm-am
1993 1489 2064 1544 de
2112 1488 2342 1543 Christii

331 1560 610 1616 sententia
638 1558 824 1613 Halm.
863 1560 922 1613 et
947 1557 1150 1613 Baiter.
1163 1600 1177 1626 ,
1227 1575 1338 1625 qua
1372 1574 1486 1613 non
1530 1575 1668 1628 opus
1706 1575 1826 1613 esse
1863 1559 2055 1613 docuit
2091 1559 2338 1630 Madvig.

332 1632 400 1685 de
445 1632 538 1684 fin.
583 1630 636 1684 H
672 1634 758 1684 28.
795 1634 863 1684 93
900 1645 955 1697 Ρ.
994 1634 1114 1683 298.
1152 1626 1295 1681 Add.
1324 1645 1379 1696 Ρ.
1410 1633 1494 1683 57.
1533 1635 1601 1682 29
1638 1631 1850 1684 etiamsi
1882 1631 1997 1698 ipse
2031 1631 2151 1698 erit,
2187 1647 2342 1699 quem

328 1702 557 1768 videris,
591 1701 690 1770 qui
722 1700 827 1754 tibi
861 1699 1148 1754 videbitur.
1184 1727 1253 1738 —-
1288 1696 1353 1752 P.
1384 1704 1467 1753 16.
1506 1704 1573 1753 27
1609 1715 1749 1767 quae
1782 1701 2071 1769 quidque
2100 1701 2341 1770 yiymret

330 1777 382 1827 et
415 1776 638 1827 mntem
672 1775 832 1839 atque
865 1784 1052 1825 sensus
1085 1783 1258 1838 prave
1296 1767 1507 1822 dictum
1552 1771 1717 1837 putat
1751 1768 1884 1823 Mad
1926 1769 1939 1780 “
1984 1813 1995 1824 .
2034 1771 2143 1837 (ed.
2174 1770 2265 1824 Or.
2286 1770 2342 1823 Π

329 1859 385 1912 Ρ.
443 1843 594 1910 854),
648 1840 889 1910 primum
935 1839 1086 1908 quod
1129 1839 1365 1920 quidque
1404 1853 1521 1894 non
1565 1839 1639 1891 sit
1684 1840 1869 1894 onmia
1876 1787 2143 1905 ,wffeinde
2189 1841 2341 1908 quod

329 1913 479 1966 Zeno
516 1911 744 1964 minime
789 1911 979 1979 ignem
1016 1925 1202 1965 omma
1237 1909 1468 1978 gignere
1505 1908 1786 1977 statuerit,
1834 1908 2072 1978 denique
2107 1912 2343 1979 propter

330 1987 491 2050 atque
529 1981 778 2034 ‘variata
803 1979 1106 2050 particula,
1136 1978 1296 2046 quasi
1324 1979 1435 2033 duo
1464 1977 1577 2032 sint
1601 1979 1877 2048 membra,
1913 1979 2154 2049 primum
2180 1982 2339 2049 quid-

329 2068 448 2122 que,
475 2050 606 2104 dein
632 2055 855 2105 mentem
881 2054 1041 2119 atque
1064 2049 1304 2116 sensus',
1333 2049 1717 2118 persuasitque
1733 2049 1959 2104 Baitero
1988 2049 2340 2104 scribendum

331 2137 452 2176 esse
493 2123 686 2190 cuique
727 2119 968 2190 yiyneret
1011 2123 1248 2175 mentm.
1337 2118 1404 2172 In
1448 2136 1557 2187 quo
1601 2137 1714 2174 non
1758 2119 2051 2189 intellego,
2097 2120 2341 2189 primum

329 2191 556 2246 omnino
593 2207 691 2245 cur
727 2189 982 2245 additum
1016 2189 1274 2244 videatur
1310 2190 1528 2258 cuique,
1564 2189 1791 2257 deinde,
1828 2190 1878 2244 si
1909 2190 2026 2245 iam
2050 2193 2204 2244 recte
2242 2192 2340 2245 ad-

331 2262 481 2316 ditus
517 2261 592 2314 sit
628 2261 876 2328 dativus,
925 2259 1203 2329 quomodo
1239 2259 1590 2315 accusativus
1626 2277 1739 2314 non
1781 2260 1962 2330 possit
1995 2278 2110 2315 non
2148 2261 2339 2315 valere

328 2331 1038 2470 mvn
1065 2330 1607 2470 sm..
1621 2331 2341 2469 ..ω

329 2473 516 2527 omnia
548 2473 817 2542 yiqneret,
862 2471 959 2526 sed
1002 2487 1141 2540 quae
1184 2472 1248 2524 in
1291 2471 1527 2539 singulis
1568 2471 1751 2537 rebus,
1800 2487 1937 2539 quae
1971 2471 2340 2541 qiynerentw,

329 2559 395 2597 ea
428 2548 559 2598 esset
591 2548 828 2609 notiora,
863 2557 1002 2611 quae
1071 2542 1300 2610 iyneret,
1349 2542 1416 2594 ut
1448 2559 1503 2610 p.
1540 2546 1625 2595 99.
1667 2546 1730 2595 16
1767 2556 1907 2610 quae
1938 2542 2023 2595 vis
2057 2541 2155 2607 sit,
2202 2558 2343 2610 quae

328 2615 563 2683 quidque
597 2614 804 2681 efficiat
839 2612 971 2681 (vid.
1011 2556 1174 2680 Syeyff.
1209 2610 1363 2665 Lael.
1399 2628 1454 2680 Ρ.
1495 2617 1599 2666 370
1636 2612 1695 2664 et
1726 2610 1875 2665 infra
1907 2610 1982 2666 ad
2017 2628 2071 2680 Ρ.
2101 2617 2221 2665 231.
2256 2617 2339 2678 16,

327 2690 449 2737 431.
487 2685 604 2750 19),
641 2684 700 2737 et
724 2688 946 2738 mentem
985 2686 1145 2751 atque
1178 2697 1366 2737 sensus
1397 2697 1511 2735 non
1544 2681 1725 2734 minus
1762 2698 1931 2748 quam
1968 2681 2182 2735 duobus
2218 2696 2341 2736 ver-

330 2751 482 2804 sibus
519 2753 651 2803 ante
689 2754 810 2804 arte
848 2751 1144 2805 coniuncta
1180 2767 1298 2805 esse
1335 2751 1602 2818 arbitror,
1640 2752 1707 2804 ut
1741 2750 1854 2805 sint
1893 2752 1911 2777 ‘
1926 2751 2035 2804 duo
2072 2751 2341 2819 membra,

327 2819 570 2900 primum
614 2821 875 2888 quidque,
920 2820 1051 2872 dein
1093 2826 1317 2874 mentem
1361 2825 1521 2887 atque
1567 2819 1808 2874 sensus'.
1879 2819 2115 2873 Zenonis
2151 2822 2341 2874 autem

327 2889 708 3014 ἔιῖἑῗῖῑὲωέᾱ
715 2886 902 3027 Ἔθῗᾏ
922 2887 1229 3011 ⁸33¹²⁶n¹⁵i³1³
1257 2905 1372 3011 Ἢ
1404 2887 1852 3012 &memma
1878 2886 2065 3014 aa
2089 2893 2342 3016 2:233.

330 3027 546 3084 conieci
579 3044 767 3098 progr.
803 3026 1142 3095 Landsberg.
1183 3031 1318 3080 1865
1353 3043 1409 3095 Ρ.
1448 3031 1516 3080 18
1558 3027 1823 3097 ignorans
1858 3027 2010 3084 idem
2044 3029 2160 3085 iam
2196 3031 2340 3086 Goe-

327 3099 538 3153 rentzio
577 3099 636 3151 et
671 3096 963 3152 Schuetzio
998 3095 1301 3165 placuisse,
1340 3111 1525 3152 verm
1559 3114 1667 3154 esse
1700 3103 1879 3153 autem
1916 3100 2078 3155 codd.
2092 3143 2107 3169 ,
2156 3117 2343 3156 verum

329 3185 436 3224 esse
469 3167 718 3240 [autem]
751 3167 936 3222 Halm.
949 3207 964 3234 ‚
1000 3171 1038 3234 †
1063 3181 1248 3221 verum
1283 3181 1391 3222 esse
1425 3172 1603 3222 autem
1634 3168 1777 3223 Bait.
1806 3199 1874 3209 —
1901 3169 1964 3226 P.
1997 3175 2079 3225 18.
2110 3177 2142 3226 6
2184 3171 2343 3225 Tunc

329 3238 602 3308 scriptum
647 3238 732 3294 est
771 3237 833 3292 in
877 3237 1039 3293 codd.
1087 3237 1146 3290 et
1179 3239 1467 3307 receptum
1504 3239 1574 3292 ab
1610 3238 1835 3294 Halmio
1870 3242 1931 3294 et
1965 3239 2215 3307 Baite103
2269 3241 2339 3295 cf.

327 3326 383 3378 p.
417 3315 532 3364 136.
563 3314 613 3363 9.
644 3339 707 3349 -
736 3306 801 3363 Ρ.
833 3312 914 3364 18.
948 3313 1012 3363 13
1048 3311 1114 3362 ut
1144 3309 1360 3377 quidem
1384 3309 1520 3364 mihi
1553 3310 1767 3365 videtwr
1794 3310 1916 3366 cod.
1947 3309 2084 3365 Ged.
2114 3309 2339 3379 aliique,

329 3379 478 3448 quod
506 3394 619 3433 non
647 3394 822 3434 essem
849 3395 1015 3434 ausus
1053 3379 1349 3447 repudiare
1377 3380 1526 3447 (nam
1550 3380 1751 3449 habet,
1788 3396 1897 3449 quo
1923 3380 2017 3435 vel
2046 3383 2342 3435 excusetur

327 3450 420 3504 vel
441 3448 785 3519 explicetur),
812 3449 922 3504 nisi
949 3449 1183 3504 eandem
1210 3449 1545 3520 particulam
1570 3450 1820 3505 viderem
1836 3467 1949 3505 non
1975 3466 2102 3505 raro
2119 3451 2213 3504 vel
2241 3469 2339 3506 suo

329 3519 458 3574 loco
495 3524 708 3574 motam
742 3520 837 3575 vel
874 3520 1136 3575 omissam
1173 3537 1320 3590 esse,
1356 3523 1422 3575 ut
1447 3539 1501 3591 p.
1532 3526 1580 3577 9.
1612 3527 1679 3576 28
1715 3527 1779 3576 ut
1811 3522 1947 3577 mihi
1980 3521 2193 3576 videtur
2220 3523 2340 3590 qui·
