2609 3884
275 748 360 877 {3

277 1494 344 1545 51

382 172 518 239 3¹76
774 170 1371 228 TUSCULANARUM
1405 168 2012 227 DISPUTATIONUM

382 336 581 400 istam
648 334 806 401 dicit
854 334 1270 419 voluptatem.
1329 368 1407 380 —
1465 330 1664 397 Dicat
1724 333 2108 420 quamlibet3
2168 356 2408 418 nempe

386 445 528 488 eam
582 422 765 508 dicit,
818 423 889 489 in
940 444 1069 508 qua
1122 422 1384 487 virtutis
1428 422 1612 485 nulla
1653 443 1807 505 pars
1862 422 2039 486 insit.
2127 422 2302 507 Age,
2349 423 2409 488 si

378 511 790 596 voluptatem
850 532 985 578 non
1045 510 1514 595 intellegimus,
1582 530 1665 573 ne
1743 508 2031 574 dolorem
2103 509 2410 595 quidem?

382 598 571 685 Nego
632 600 838 685 igitur
899 599 1037 664 eius
1103 619 1270 683 esse,
1331 598 1442 683 qui
1497 597 1721 663 dolore
1777 619 2099 662 summum
2156 599 2409 664 malum

383 688 717 767 metiatur,
761 687 1157 753 mentionem
1200 686 1413 751 facere
1462 684 1741 751 virtutis.
2434 711 2465 753 ε

516 774 608 841 Et
660 778 1015 862 queruntur
1067 773 1330 859 quidam
1372 772 1703 859 Epicurei,
1756 773 1881 839 viri
1933 774 2168 859 optimi
2222 771 2411 858 (nam

381 864 634 929 nullum
696 885 902 949 genus
967 866 1068 929 est
1137 863 1354 927 minus
1420 860 1872 949 malitiosum),
1940 884 2045 928 me
2117 862 2413 929 studiose

382 953 592 1017 dicere
647 955 875 1018 contra
925 950 1299 1035 Epicurum.
1396 950 1529 1029 Ita,
1583 950 1798 1032 credo,
1860 950 1938 1015 de
1990 950 2235 1017 honore
2292 955 2413 1017 aut

381 1039 462 1105 de
515 1039 837 1125 dignitate
890 1038 1355 1105 contendimus.
1452 1037 1620 1105 Mihi
1673 1060 1995 1105 summum
2056 1038 2126 1104 in
2183 1039 2410 1105 animo

380 1128 624 1193 bonum
658 1128 936 1212 videtur,
979 1126 1080 1191 illi
1117 1130 1337 1192 autem
1380 1126 1454 1191 in
1498 1147 1790 1211 corpore,
1835 1126 2001 1191 mihi
2040 1127 2110 1192 in
2143 1127 2413 1213 virtute,
2438 1152 2489 1191 ιο

381 1215 483 1281 illi
518 1215 590 1280 in
625 1216 978 1300 voluptate.
1039 1213 1132 1280 Et
1167 1215 1268 1279 illi
1303 1219 1613 1300 pugnant,
1649 1218 1716 1278 et
1751 1214 2009 1299 quidem
2042 1214 2411 1281 vicinorum

381 1304 574 1369 fidem
631 1303 990 1389 inplorant3
1052 1304 1243 1369 multi
1298 1306 1519 1368 autem
1574 1304 1749 1386 sunt,
1804 1302 1916 1389 qui
1976 1304 2198 1368 statim
2254 1324 2411 1370 con-

382 1392 615 1458 volent.
721 1391 866 1477 Ego
932 1414 1076 1459 sum
1137 1391 1226 1473 is,
1288 1390 1400 1475 qui
1462 1390 1674 1456 dicam
1737 1412 1839 1455 me
1891 1412 2027 1457 non
2079 1392 2413 1477 laborare3

385 1484 600 1546 actum
635 1479 1037 1565 habiturum,
1083 1479 1257 1565 quod
1293 1479 1563 1565 egerint.
1636 1475 1805 1554 Quid
1842 1479 2058 1544 enim?
2103 1480 2182 1545 de
2228 1480 2412 1547 bello

379 1567 625 1634 Punico
691 1568 955 1653 agitur?
1019 1567 1098 1633 de
1159 1590 1289 1653 quo
1351 1568 1498 1652 ipso
1567 1588 1713 1633 cum
1777 1567 1952 1633 aliud
2005 1566 2093 1633 Μ.
2148 1564 2413 1652 Catoni,
2437 1592 2485 1633 ιε

383 1656 557 1722 aliud
591 1655 664 1722 L.
698 1656 974 1723 Lentulo
1010 1656 1359 1741 videretur,
1402 1654 1586 1720 nulla
1629 1655 1801 1720 inter
1845 1676 1958 1721 eos
2003 1656 2409 1723 concertatio

382 1765 689 1829 umquam
740 1744 885 1810 fuit.
982 1743 1072 1809 Hi
1121 1744 1319 1809 nimis
1374 1742 1679 1809 iracunde
1734 1746 1963 1828 agunt,
2019 1746 2413 1828 praesertim

383 1855 530 1898 cum
585 1833 668 1898 ab
722 1832 804 1898 iis
857 1854 990 1899 non
1048 1854 1205 1897 sane
1271 1831 1567 1897 animosa
1619 1830 1997 1897 defendatur
2060 1834 2414 1917 sententia,

380 1942 500 2005 pro
556 1942 685 2005 qua
735 1942 868 1986 non
919 1920 990 1985 in
1045 1923 1299 2006 senatu,
1349 1942 1483 1986 non
1534 1920 1605 1984 in
1658 1920 1981 2006 contione,
2035 1942 2169 1987 non
2232 1922 2413 2006 apud

382 2009 730 2073 exercitum
763 2030 972 2093 neque
1009 2009 1091 2073 ad
1126 2029 1423 2074 censores
1469 2007 1679 2074 dicere
1716 2007 2009 2075 audeant.
2082 2005 2209 2073 Sed
2253 2031 2409 2075 cum
2436 2035 2487 2075 ιο

379 2096 531 2160 istis
577 2096 767 2180 alias,
822 2100 887 2161 et
931 2117 1006 2161 eo
1054 2096 1313 2180 quidem
1359 2095 1604 2179 anim0,
1659 2096 1913 2161 nullum
1956 2100 2033 2162 ut
2074 2099 2410 2163 certamen

379 2183 746 2267 instituam,
790 2204 1013 2249 verum
1058 2183 1419 2249 dicentibus
1464 2184 1655 2249 facile
1691 2183 1943 2269 cedam3
1987 2187 2245 2250 tantum
2294 2186 2415 2251 ad·

380 2270 688 2349 monebo,
741 2270 800 2335 si
854 2271 1134 2336 maxime
1187 2293 1414 2338 verum
1468 2273 1557 2339 sit
1610 2272 1692 2337 ad
1744 2294 1980 2357 corpus
2036 2273 2257 2338 omnia
2307 2295 2414 2339 re·

377 2357 549 2423 ferre
584 2357 943 2442 sapientem
980 2360 1143 2444 sive,
1185 2362 1262 2424 ut
1295 2359 1634 2426 honestius
1672 2359 1909 2439 dicam,
1952 2360 2120 2425 nihil
2169 2360 2413 2442 facere,

378 2446 507 2512 nisi
560 2446 731 2532 quod
786 2447 1113 2531 expediat,
1167 2448 1303 2513 sive
1351 2448 1569 2514 omnia
1621 2448 1861 2514 referre
1917 2448 1998 2513 ad
2048 2448 2411 2515 utilitatem
2439 2472 2489 2513 25

382 2556 594 2620 suam,
638 2535 944 2619 quoniam
987 2534 1149 2601 haec
1192 2535 1567 2619 plausibilia
1610 2557 1744 2602 non
1789 2538 1964 2622 sunt,
2020 2539 2097 2602 ut
2138 2535 2209 2603 in
2256 2539 2412 2603 sinu

511 2623 731 2708 deant,
775 2623 1058 2708 gloriose
1103 2624 1284 2708 loqui
1329 2623 1645 2689 desinant.
1735 2623 1743 2629 ”

271 2682 359 2809 ἓξ
380 2643 1015 2796 gauoyrenaicorum
1069 2714 1280 2776 restat
1335 2711 1686 2796 sententia3
1747 2711 1860 2797 qui
1915 2716 2058 2777 tum
2118 2713 2409 2799 aegritu.

381 2798 596 2863 dinem
650 2802 913 2864 censent
967 2799 1273 2883 existere,
1326 2800 1385 2864 si
1436 2800 1827 2884 necopinato
1883 2800 2036 2886 quid
2096 2802 2406 2869 evenerit.

374 2885 502 2951 Est
550 2885 632 2986 id·
673 2886 952 2990 quidem·
983 2888 1321 2989 magnum,
1373 2890 1449 2952 ut
1493 2909 1692 2989 supra
1737 2888 1893 2974 dixi3
1948 2889 2149 2953 etiam
2192 2886 2404 2991 Qhry-
2434 2916 2485 2956 so

376 2975 568 3125 {3232
596 2974 1380 3128 ssssiess‘ssffiuffiqussssss
1414 2997 1607 3128 553?
1600 2996 1685 3128 {¹12²
1685 2997 1835 3129 ”1302
1836 2979 2125 3131 ”32:33³
2163 2979 2407 3142 &m

375 3171 572 3234 quam
629 3148 920 3214 hostium
962 3111 1196 3233 repens
1243 3150 1557 3217 adventus
1603 3150 1815 3236 magis
1862 3113 2196 3236 aliquanto
2244 3174 2403 3220 con-

372 3237 597 3301 turbat
663 3257 859 3321 quam
921 3240 1323 3323 expectatus,
1387 3243 1453 3304 et
1510 3240 1709 3305 maris
1764 3240 1983 3306 subita
2042 3244 2401 3326 tempestas

372 3344 568 3407 quam
613 3326 763 3388 ante
820 3324 1085 3406 provisa
1127 3326 1332 3391 terret
1372 3328 1757 3412 navigantes
1802 3328 2278 3413 vehementius,
2334 3334 2401 3395 et
2425 3352 2473 3394 ω

374 3409 514 3475 eius
560 3408 738 3474 modi
783 3412 935 3475 sunt
991 3411 1315 3495 pleraque.
1422 3412 1575 3499 Sed,
1640 3436 1787 3482 cum
1845 3416 2195 3502 diligenter
2248 3439 2399 3483 nec-

373 3497 785 3581 opinatorum
843 3499 1146 3563 naturam
1207 3500 1600 3589 consideres,
1652 3504 1818 3569 nihil
1873 3504 2047 3570 aliud
2104 3506 2397 3590 reperias
