2609 3884
625 175 762 230 LIB.
790 175 885 231 ΠῙ.
943 174 1098 230 CAP.
1139 182 1381 231 11-14,
1438 181 1469 242 5
1505 182 1748 233 25—29.
2068 178 2198 243 367

315 335 459 401 Hoc
510 339 586 401 tu
644 336 848 422 igitur
900 357 1121 402 censes
1177 337 1458 421 sapienti
1512 339 1795 403 accidere
1848 361 2065 426 posse,
2127 346 2202 408 ut
2224 346 2306 411 13

184 422 589 510 aegritudine
653 424 1079 509 opprimatur,
1137 424 1206 489 id
1271 428 1373 490 est
1424 425 1727 491 miseria?
1823 426 1995 493 Nam
2054 450 2201 495 cum

183 512 393 577 omnis
455 512 859 595 perturbatio
923 513 1186 577 miseria
1259 517 1385 596 est,
1457 518 1597 579 tum
1668 515 2037 581 carnificina
2100 522 2201 583 est

183 600 540 685 aegritudo,
635 599 855 665 Habet
909 600 1204 666 ardorem
1257 599 1487 685 libido,
1550 602 1883 667 levitatem
1950 604 2204 669 laetitia

124 710 155 752 ε
185 688 499 773 gestiens,
559 687 998 753 humilitatem
1062 692 1301 772 metus,
1375 690 1487 754 sed
1550 690 1886 775 aegritudo
1949 692 2203 756 maiora

183 776 528 860 quaedam,
563 776 801 861 tabem,
837 776 1210 861 cruciatum,
1245 776 1768 862 adflictationem,
1810 777 2201 863 foeditatem,

182 863 452 948 lacerat,
511 868 691 929 exest
743 864 1030 929 animum
1081 864 1397 949 planeque
1450 866 1725 930 conficit.
1822 866 2011 931 Hanc
2070 867 2201 932 nisi

180 952 472 1016 exuimus
529 951 648 1036 sic,
710 954 787 1017 ut
847 952 1226 1036 abiciamus,
1279 952 1543 1017 miseria
1604 975 1818 1019 carere
1869 975 2003 1020 non
2052 976 2199 1039 pos·

182 1060 422 1105 sumus.

89 1152 153 1193 ιο
315 1126 532 1213 Atque
584 1127 711 1193 hoc
765 1128 1020 1213 quidem
1075 1129 1486 1212 perspicuum
1540 1133 1667 1213 est,
1722 1132 1862 1194 tum
1920 1130 2198 1215 aegritu·
2234 1148 2305 1197 28

181 1216 400 1280 dinem
453 1216 752 1299 existere,
808 1238 954 1280 cum
1010 1216 1163 1301 quid
1206 1217 1302 1281 ita
1345 1217 1559 1282 visum
1604 1217 1717 1301 sit,
1770 1221 1847 1282 ut
1889 1240 2200 1303 magnum

181 1303 2201 1477 gdsseixiiiaffiaattlolginiaoffiisissiergdliuffigfftuxdiitilfessugsseEigssuuifa),
2232 1388 2235 1391 ⁴

183 1481 284 1564 ut,
331 1479 712 1563 quicumque
756 1480 1090 1544 intueatur
1140 1480 1212 1545 in
1259 1479 1521 1563 aliquod
1565 1482 1774 1546 maius
1820 1481 2087 1564 malum,
2143 1482 2201 1547 si

89 1589 154 1631 ιε
182 1566 252 1630 id
299 1567 424 1631 sibi
470 1566 779 1632 accidisse
825 1566 1150 1651 opinetur,
1195 1567 1285 1632 sit
1330 1569 1632 1633 continuo
1676 1568 1748 1633 in
1785 1569 2201 1654 aegritudine.

184 1652 530 1739 Cyrenaici
573 1675 706 1719 non
749 1655 927 1719 omni
972 1655 1142 1719 malo
1192 1655 1658 1741 aegritudinem
1702 1655 1871 1721 effici
1919 1659 2203 1741 censent,

183 1743 298 1808 sed
357 1742 689 1826 insperato
754 1746 821 1807 et
879 1743 1268 1827 necopinato
1333 1742 1529 1808 malo.
1632 1742 1757 1807 Est
1817 1743 1885 1808 id
1943 1744 2203 1827 quidem

181 1851 318 1895 non
387 1830 708 1895 mediocre
772 1829 853 1894 ad
917 1831 1386 1915 aegritudinem
1452 1831 1837 1915 augendam3
1900 1831 2204 1896 videntur

182 1917 358 2069 pnirdn
404 1919 622 2069 qmnia
665 1918 1002 2003 repentina
1047 1918 1367 2004 graviora.
1454 1916 1559 1982 Ex
1608 1918 1733 1984 hoc
1779 1922 1846 1983 et
1897 1919 2014 1983 illa
2063 1920 2201 1983 iure

95 2028 157 2067 κο
212 2026 295 2069 au
340 2028 423 2069 an
453 2028 554 2069 ur:

275 2100 438 2203 Ego
502 2139 667 2183 cum
728 2120 986 2204 genui,
1046 2122 1207 2184 tum
1270 2119 1688 2185 morituros
1752 2118 1948 2187 scivi
2001 2124 2076 2186 et
2134 2121 2205 2186 ei

1560 2207 1673 2271 rei
1716 2208 2025 2273 sustuli.

275 2292 692 2359 Praeterea
737 2293 829 2360 ad
874 2293 1176 2359 Troiam
1221 2316 1385 2360 cum
1422 2294 1601 2359 misi
1647 2296 1741 2359 ob
1788 2295 2203 2361 defenden-

1383 2381 1553 2447 dam
1600 2381 2027 2466 Graeciam,

277 2467 582 2535 Scibam
653 2490 764 2534 me
835 2469 916 2534 in
985 2466 1468 2534 mortiferum
1539 2470 1857 2555 bellum,
1918 2474 2067 2535 non
2125 2474 2205 2535 in

1380 2559 1648 2641 epulas
1694 2556 2022 2624 mittere.

317 2680 500 2747 Haec
536 2680 738 2767 igitur
771 2679 1264 2764 praemeditatio
1299 2679 1669 2746 futurorum
1695 2679 2013 2745 malorum
2044 2680 2207 2745 lenit
2226 2648 2311 2776 ἐξ

24 2832 26 2839 ,
100 2789 162 2831 26
189 2791 414 2837 eorum
467 2769 840 2853 adventum,
894 2790 1060 2854 quae
1114 2767 1438 2833 venientia
1490 2769 1686 2853 longe
1742 2770 1890 2833 ante
1952 2768 2204 2834 videris.

186 2857 419 2943 Itaque
455 2857 628 2943 apud
665 2856 1025 2939 Euripiden
1061 2879 1100 2922 a
1136 2856 1385 2921 Theseo
1436 2856 1611 2921 dicta
1645 2855 2016 2942 laudantur3
2052 2856 2208 2921 licet

187 2946 388 3031 enim,
439 2949 515 3010 ut
567 2966 759 3030 saepe
811 2944 1110 3029 facimus,
1160 2945 1231 3009 in
1285 2943 1591 3009 Latinum
1644 2943 1763 3008 illa
1806 2948 2205 3010 convertere:

235 3112 239 3119 .
276 3058 467 3125 Nam
493 3059 623 3144 qui
647 3057 835 3123 haec
862 3058 1127 3124 audita
1149 3080 1190 3123 a
1211 3058 1436 3123 docto
1465 3057 1984 3123 meminissem
2012 3058 2205 3143 vire,

275 3146 612 3213 Futuras
658 3166 945 3212 mecum
990 3146 1570 3211 commentabar
1613 3143 2000 3229 miserias,

103 3253 164 3295 30
276 3234 432 3300 Aut
457 3234 779 3300 mortem
809 3234 1159 3298 acerbam
1183 3236 1316 3297 aut
1344 3232 1531 3299 exili
1552 3235 1920 3299 maestam
1945 3233 2207 3317 fugam

275 3320 432 3387 Aut
477 3323 772 3406 semper
817 3319 1154 3405 aliquam
1197 3319 1471 3386 molem
1520 3321 1950 3386 meditabar
1994 3319 2207 3403 mali,

274 3408 407 3495 Ut,
451 3408 523 3475 si
562 3430 711 3494 qua
753 3407 1062 3474 invecta
1107 3405 1386 3474 diritas
1434 3414 1613 3475 casu
1658 3409 1888 3492 foret,

276 3496 390 3564 Ne
433 3519 546 3562 me
590 3494 1027 3581 inparatum
1075 3500 1255 3562 cura
1298 3496 1688 3562 laceraret
1731 3516 2028 3580 repens.
