2609 3884
267 311 331 361 18

370 135 498 199 178
695 135 793 190 DE
829 133 1120 191 FINIBUS
1157 132 1518 189 BONORUM
1552 134 1652 189 ΕΤ
1687 132 2053 189 MALORUM

367 298 659 381 intersit,
704 297 762 362 si
806 296 959 381 quid
1003 296 1251 360 ratione
1296 316 1415 379 per
1458 316 1527 360 se
1572 295 1702 379 ipsi
1744 296 2127 361 invenerint.
2198 295 2379 360 Artis

370 387 570 451 etiam
632 387 812 469 ipsas
876 389 1144 468 propter
1217 404 1284 447 se
1352 382 1769 448 assumendas
1832 388 2165 467 putamus,
2238 406 2381 448 cum

369 476 520 558 quia
565 475 650 538 sit
694 474 764 538 in
809 473 890 537 iis
931 471 1176 555 aliquid
1213 472 1482 555 dignum
1518 473 1987 556 assumptione,
2031 476 2172 535 tum
2214 472 2384 556 quod

368 565 667 627 constent
719 584 799 626 ex
856 560 1335 645 cognitionibus
1391 562 1456 623 et
1510 561 1885 625 contineant
1947 560 2250 644 quiddam
2313 561 2384 623 in

367 672 436 715 se
498 651 753 715 ratione
816 649 1240 713 constitutum
1305 650 1372 711 et
1432 647 1555 713 via.
1662 648 1723 713 A
1777 648 1943 713 falsa
2007 652 2225 713 autem
2284 670 2382 712 as·
2408 672 2434 714 5

369 740 666 803 sensione
727 737 939 822 magis
999 758 1118 803 nos
1183 736 1497 800 alienatos
1560 758 1699 801 esse
1772 759 1966 821 quam
2040 758 2079 801 a
2151 738 2383 801 ceteris

365 828 584 911 rebus,
638 847 801 910 quae
857 826 992 889 sint
1049 827 1274 889 contra
1329 827 1657 909 naturam,
1721 825 2137 889 arbitrantur.
2242 824 2382 889 Iam

285 920 292 927 ”
366 915 830 997 membrorum,
892 912 960 976 id
1022 915 1123 977 est
1171 912 1457 995 partium
1517 913 1831 997 corporis,
1896 913 2025 977 alia
2086 912 2386 977 videntur

264 1455 326 1503 19

365 1006 631 1086 propter
675 1022 898 1066 eorum
933 1022 1122 1064 usum
1169 1022 1208 1065 a
1251 1003 1489 1065 natura
1524 1022 1665 1065 esse
1711 1001 1981 1083 donata,
2024 1004 2099 1064 ut
2133 1023 2385 1082 manus,

367 1112 578 1170 crura,
643 1089 868 1173 pedes,
940 1091 1014 1153 ut
1076 1109 1179 1172 ea,
1255 1110 1421 1171 quae
1488 1093 1639 1153 sunt
1708 1089 1885 1154 intus
1956 1088 2028 1153 in
2097 1110 2383 1173 corpore,
2414 1115 2469 1155 ιο

367 1199 637 1262 quorum
671 1177 924 1241 utilitas
961 1180 1205 1259 quanta
1241 1177 1347 1259 sit,
1386 1198 1425 1241 a
1460 1176 1727 1241 medicis
1765 1178 1962 1241 etiam
1998 1177 2385 1260 disputatur,

367 1267 497 1329 alia
551 1269 768 1330 autem
821 1265 1071 1329 nullam
1125 1263 1208 1329 ob
1263 1264 1616 1329 utilitatem
1670 1266 1856 1348 quasi
1920 1265 2002 1331 ad
2062 1265 2384 1350 quendam

366 1358 696 1438 ornatum,
729 1356 805 1418 ut
841 1353 1046 1418 cauda
1080 1353 1349 1436 pavoni,
1392 1354 1649 1435 plumae
1684 1353 2104 1419 versicolores
2142 1354 2383 1418 colum-

365 1442 495 1525 bis,
540 1442 698 1507 viris
744 1462 1064 1506 mammae
1111 1444 1303 1524 atque
1348 1440 1573 1506 barba.
1670 1440 1851 1505 Haec
1904 1442 2207 1506 dicuntur
2254 1442 2384 1505 for·

363 1534 539 1612 tasse
599 1531 901 1614 ieiunius3
957 1532 1110 1594 sunt
1163 1529 1337 1593 enim
1392 1530 1576 1612 quasi
1627 1531 1840 1613 prima
1895 1529 2214 1594 elementa
2265 1551 2380 1593 na·
2412 1554 2469 1595 15

363 1623 575 1703 turae,
631 1619 866 1703 quibus
923 1618 1186 1682 ubertas
1242 1617 1560 1682 orationis
1616 1618 1911 1682 adhiberi
1974 1618 2081 1682 vix
2142 1621 2380 1703 potest,

363 1728 480 1771 nec
540 1708 836 1790 equidem
891 1728 1034 1770 eam
1091 1705 1306 1789 cogito
1368 1706 1743 1771 consectari.
1849 1704 2094 1771 Verum
2155 1710 2376 1770 tamen

362 1817 510 1859 cum
574 1796 652 1859 de
714 1795 906 1859 rebus
971 1792 1428 1878 grandioribus
1493 1794 1696 1875 dicas,
1766 1795 1948 1877 ipsae
2009 1815 2112 1857 res
2175 1794 2377 1859 verba

361 1883 644 1966 rapiunt.
741 1881 846 1947 Ita
898 1882 975 1945 fit
1019 1902 1162 1945 cum
1207 1881 1497 1965 gravior,
1548 1886 1689 1946 tum
1735 1882 1934 1946 etiam
1980 1881 2379 1965 splendidior

363 1971 589 2035 oratio.
697 1970 848 2052 Est,
909 1973 983 2033 ut
1047 1969 1232 2045 dieis,
1296 1968 1581 2052 inquam.
1690 1967 1813 2035 Sed
1885 1973 2106 2035 tamen
2169 1990 2380 2054 omne,
2408 1997 2471 2037 20

363 2057 532 2141 quod
577 2057 657 2121 de
700 2079 770 2121 re
816 2058 988 2121 bona
1034 2055 1309 2120 dilucide
1355 2056 1615 2137 dicitur,
1671 2058 1832 2122 mihi
1876 2058 2205 2142 praeclare
2253 2058 2379 2123 dici

361 2145 633 2210 videtur.
733 2144 929 2209 Istius
985 2144 1161 2208 modi
1217 2147 1432 2208 autem
1478 2167 1581 2209 res
1648 2146 1885 2211 dicere·
1919 2150 2147 2212 ornate
2210 2147 2379 2211 velle

359 2233 607 2316 puerile
663 2236 790 2315 est,
842 2232 1036 2315 plane
1083 2236 1299 2296 autem
1346 2234 1413 2297 et
1464 2234 1798 2318 perspicue
1844 2235 2141 2318 expedire
2185 2256 2381 2319 posse

363 2321 535 2386 docti
581 2324 648 2385 et
691 2320 1130 2405 intellegentis
1175 2321 1315 2385 viri.

493 2408 989 2491 Progrediamur
1023 2408 1252 2493 igitur,
1290 2409 1622 2495 quoniam,
1656 2410 1896 2495 inquit,
1943 2410 2025 2476 ab
2061 2410 2165 2475 his
2200 2412 2377 2494 prin·
2407 2437 2465 2478 25

362 2497 546 2581 cipiis
601 2502 870 2562 naturae
925 2496 1336 2562 discessimus
1346 2548 1365 2582 ,
1418 2499 1651 2581 quibus
1705 2520 2057 2583 congruere
2121 2499 2377 2585 debent,

361 2608 526 2671 quae
573 2588 945 2670 sequuntur.
1037 2582 1343 2669 Sequitur
1388 2590 1605 2650 autem
1648 2586 1811 2652 haec
1855 2587 2067 2670 prima
2110 2588 2375 2653 divisio:

359 2674 788 2738 Aestimabile
825 2696 966 2738 esse
1005 2674 1225 2738 dicunt
1269 2673 1392 2757 (sic
1429 2675 1625 2756 enim,
1670 2679 1745 2739 ut
1790 2675 2047 2759 opinor,
2092 2676 2375 2759 appelle-

360 2760 531 2846 mus)
588 2762 684 2845 id,
737 2762 910 2846 quod
965 2764 1078 2826 aut
1129 2761 1343 2846 ipsum
1390 2762 1735 2826 secundum
1776 2766 2077 2827 naturam
2130 2764 2215 2829 sit
2261 2767 2377 2828 aut

360 2849 493 2912 tale
549 2849 700 2932 quid
747 2849 1012 2933 efficiat,
1055 2853 1133 2913 ut
1178 2850 1521 2922 selectione
1568 2849 1836 2933 dignum
1880 2856 2226 2935 propterea
2269 2853 2375 2937 sit,
2403 2878 2459 2919 eo

363 2936 533 3019 quod
596 2936 855 3019 aliquod
926 2936 1178 3019 pondus
1251 2938 1493 3001 habeat
1564 2937 1832 3022 dignum
1906 2940 2375 3024 aestimatione,

359 3045 552 3106 quam
589 3023 690 3086 illi
731 3017 924 3100 ἀξίαν
960 3028 1224 3107 vocant,
1269 3030 1619 3109 contraque
1655 3027 2157 3111 inaestimabile,
2202 3030 2375 3113 quod

359 3110 449 3176 sit
493 3110 810 3193 superiori
858 3112 1269 3177 contrarium.
1342 3112 1560 3178 Initiis
1605 3114 1809 3198 igitur
1847 3115 1942 3179 ita
1979 3116 2373 3201 constitutis,

361 3201 432 3261 ut
477 3220 580 3281 ea,
626 3219 788 3281 quae
835 3198 1182 3263 secundum
1226 3203 1528 3265 naturam
1575 3196 1751 3286 simt,
1804 3203 1950 3286 ipsa
1992 3209 2258 3288 propter
2302 3226 2373 3269 se

357 3286 667 3350 sumenda
730 3286 863 3351 sint
946 3288 1394 3371 contrariaque
1458 3290 1615 3353 item
1677 3291 2025 3373 reicienda,
2087 3292 2372 3375 primum
2398 3318 2451 3360 35

357 3376 458 3437 est
513 3373 799 3438 officium
856 3372 954 3460 (id
1009 3375 1180 3438 enim
1234 3376 1493 3459 appello
1546 3377 1909 3463 καθῆκον),
1961 3383 2035 3443 ut
2089 3401 2157 3444 se
2221 3403 2371 3446 con-

355 3464 570 3526 servet
614 3462 685 3525 in
728 3465 999 3527 naturae
1044 3466 1246 3547 statu,
1299 3463 1599 3546 deinceps
1655 3466 1731 3529 ut
1774 3487 1852 3529 ea
1904 3470 2150 3551 teneat,
2206 3490 2371 3551 quae
