2609 3884
408 157 495 221 96
544 137 551 144 “
714 155 829 218 DE
866 153 1157 208 munus
1193 151 1554 207 nonomm
1588 151 1684 207 ET
1721 150 2090 206 MALORUM

407 318 655 470 ᾰοτὶρΐὲ
702 315 1005 468 ᾶθὴετὲαε.
1104 313 1352 466 Qigbus
1421 332 1542 398 ego
1600 312 1955 464 {ssentliom
2015 312 2169 465 gum
2232 314 2433 468 ῑῑέοᾶὲ

403 428 535 559 R‘Ls
555 422 1478 557 ¹3253b222¹2⁸v33b1312222
1507 421 2431 574 3233153323201031332

407 582 547 666 quis
591 602 724 646 non
769 579 991 665 legat?
1034 577 1164 642 nisi
1182 597 1187 600 ·
1208 577 1319 661 qui
1364 599 1433 642 se
1477 577 1665 660 plane
1711 576 2030 643 Graecum
2075 577 2206 642 dici
2248 578 2430 662 velit,

404 674 480 735 ut
515 691 556 734 a
592 667 897 734 Scaevola
934 670 1037 732 est
1079 669 1382 750 praetore
1425 665 1745 730 salutatus
1781 664 2060 730 Athenis
2094 663 2430 731 Albucius.
2462 692 2490 732 5

335 771 368 820 9
407 757 613 834 Quem
667 756 927 840 quidem
981 755 1198 819 locum
1253 772 1400 817 cum
1453 752 1662 816 multa
1713 756 2054 817 venustate
2122 758 2189 819 et
2248 755 2430 819 omni

406 845 543 910 sale
587 844 759 909 idem
802 842 1111 925 Lucilius,
1158 841 1330 924 apud
1375 862 1565 925 quem
1606 840 1938 924 praeclare
1985 838 2320 906 Scaevola:

536 965 905 1032 Graecum
950 968 1052 1048 te,
1098 962 1404 1047 Albuci,
1460 985 1678 1048 quam
1724 962 2142 1028 Romanum
2196 968 2429 1047 atque

653 1114 667 1128 ,
1765 1049 2159 1135 Sabinum,

536 1141 1002 1225 Municipem
1048 1140 1314 1222 Ponti,
1357 1138 1736 1222 Tritanni,
1783 1140 2348 1224 centurionum,
2463 1167 2522 1207 ιο

533 1229 1126 1295 Praeclarorum
1160 1227 1556 1293 hominum
1593 1248 1678 1292 ac
1713 1228 2138 1312 primorum
2175 1228 2428 1313 signi·

1547 1330 1556 1344 ·
1734 1315 2133 1398 ferumque

534 1405 894 1471 Maluisti
930 1404 1102 1469 dici.
1174 1402 1464 1469 Graece
1502 1422 1680 1488 ergo
1717 1407 2034 1488 praetor
2069 1402 2428 1488 Athenis,

533 1493 619 1558 Id
683 1493 882 1577 quod
934 1491 1317 1576 maluisti,
1379 1494 1479 1575 te,
1541 1512 1708 1555 cum
1771 1491 1861 1556 ad
1929 1512 2041 1555 me
2095 1493 2430 1577 accediS,

536 1667 853 1754 ‘Xoel‘oe,'
873 1669 1211 1753 inquam,
1240 1664 1500 1731 ‘Titel’
1527 1580 2424 1750 lictoresfffissffaomnis
2461 1607 2518 1646 1⁶

1702 1753 2160 1838 cohorsque:

536 1843 836 1929 εΧαῖρε,
871 1842 1099 1910 Tisset’
1154 1841 1360 1908 Hinc
1395 1842 1651 1908 hostis
1679 1843 2210 1945 mi·A·lbucius,
2247 1843 2425 1910 h‘inc

1777 1951 2158 1996 immicus.

300 2094 366 2144 10
581 2068 708 2135 Sed
761 2071 903 2136 iure
956 2068 1228 2134 Mucius.
1336 2069 1481 2156 Ego
1538 2074 1754 2136 autem
1811 2049 2035 2136 mirari
2078 2073 2240 2138 ..satis
2291 2095 2426 2138 non
2456 2098 2514 2138 20

404 2180 593 2243 queo,
637 2158 806 2224 unde
848 2158 975 2222 hoc
1020 2157 1108 2222 sit
1150 2161 1289 2222 tam
1335 2159 1626 2225 insolens
1673 2158 2174 2225 domesticarum
2207 2181 2426 2225 rerum

400 2246 753 2311 fastidium.
852 2245 1005 2311 Non
1060 2248 1183 2310 est.
1213 2247 1476 2313 omnino
1529 2247 1639 2312 hic
1705 2247 1972 2313 docendi
2036 2246 2244 2332 locus3
2309 2249 2427 2314 sed

403 2336 499 2400 ita
561 2333 773 2400 sentio
837 2336 905 2398 et
962 2355 1154 2418 saepe
1216 2333 1518 2420 disserui,
1581 2334 1883 2400 Latinam
1938 2336 2232 2420 linguam
2289 2358 2428 2402 non

400 2423 593 2488 modo
646 2442 773 2488 non
826 2423 1118 2506 inopem,
1174 2426 1251 2488 ut
1302 2423 1501 2507 vulgo
1564 2426 1901 2508 putarent,
1965 2424 2079 2489 sed
2139 2423 2426 2508 locuple-

333 2566 341 2574 .
400 2511 639 2577 tiorem
701 2509 900 2576 etiam
972 2531 1114 2575 esse
1187 2532 1384 2594 quam
1455 2508 1788 2576 Graecam.
1905 2510 2175 2588 Quando
2249 2514 2422 2578 enim
2455 2539 2513 2581 2⁵

400 2600 593 2664 nobis
602 2649 621 2683 ,
682 2599 788 2664 vel
851 2598 1062 2663 dicam
1133 2602 1249 2664 aut
1311 2599 1678 2666 oratoribus
1746 2599 1935 2664 bonis
2008 2603 2122 2665 aut
2189 2601 2424 2686 poeti&

400 2691 629 2771 postea
692 2686 950 2770 quidem
1012 2708 1209 2771 quam
1266 2686 1426 2772 fuit,
1489 2707 1679 2772 quem
1740 2687 2176 2771 imitarentur,
2247 2689 2422 2754 ullus

402 2774 717 2839 orationis
761 2774 868 2839 vel
914 2775 1217 2859 copiosae
1259 2775 1365 2841 vel
1412 2775 1726 2860 elegantis
1773 2780 2040 2840 ornatus
2085 2773 2333 2840 defuit?

319 2878 366 2941 4
532 2860 679 2945 Ego
734 2883 916 2941 vere,
969 2864 1279 2945 quoniam
1334 2861 1702 2928 forensibus
1757 2864 2002 2953 operis,
2067 2863 2424 2948 laboribus,
2593 2939 2595 2944 .

397 2949 705 3032 periculis
758 2969 892 3014 non
946 2947 1303 3014 deseruisse
1366 2949 1532 3016 mihi
1590 2950 1812 3017 videor
1871 2950 2288 3036 praesidium,
2352 2953 2424 3017 in
2453 2980 2510 3020 so
2593 2967 2595 3033 ι

399 3057 527 3120 quo
584 3057 625 3100 a
675 3036 918 3120 populo
963 3035 1260 3105 Romano
1315 3036 1568 3103 locatus
1625 3060 1796 3124 sum,
1848 3039 2052 3104 debeo
2107 3038 2425 3124 profecto,
2461 3097 2474 3106 .

302 3191 307 3196 ,
398 3127 985 3207 quantumcumque
1027 3146 1322 3209 possum,
1374 3124 1445 3190 in
1491 3146 1566 3191 eo
1626 3149 1878 3211 quoque
1926 3127 2294 3212 elaborare,
2350 3133 2427 3193 ut

398 3212 530 3276 sint
586 3233 811 3295 opera,
866 3212 1107 3296 studio,
1161 3212 1387 3278 labore
1443 3235 1588 3282 meo
1651 3215 1975 3281 doctiores
2036 3215 2208 3280 cives
2274 3217 2424 3296 mei,

396 3319 517 3364 nec
562 3320 709 3364 cum
762 3299 909 3364 istis
966 3303 1310 3384 tantopere
1360 3322 1678 3386 pugnare,
1732 3303 1844 3387 qui
1899 3302 2152 3368 Graeca
2204 3305 2424 3389 legere

396 3387 653 3470 malint,
719 3388 909 3452 modo
973 3387 1199 3473 legant
1250 3388 1365 3454 illa
1432 3390 1602 3475 ipsa,
1663 3412 1747 3455 ne
1810 3392 2145 3475 simulent,
2207 3396 2275 3457 et
2337 3392 2421 3457 iis
2451 3419 2506 3461 35

398 3475 664 3558 servire,
709 3475 820 3559 qui
857 3476 961 3540 vel
995 3477 1286 3561 utrisque
1331 3477 1568 3544 litteris
1605 3478 1703 3544 uti
1747 3478 1952 3544 velint
1987 3479 2117 3564 vel,
2163 3481 2221 3544 si
2266 3501 2420 3546 suas
