2609 3884
365 156 494 222 358
759 153 1355 211 TUSCULANARUM
1389 152 1994 210 DISPUTATIONUM

363 327 436 384 in
480 317 845 384 Tusculano
905 320 1092 384 erant
1145 317 1493 400 disputata.
1593 314 1718 381 Sed
1772 315 2079 400 quoniam
2132 313 2398 378 duobus

367 406 807 490 superioribus
852 405 931 471 de
967 408 1174 470 morte
1211 407 1279 470 et
1317 404 1397 468 de
1438 404 1660 469 dolore
1698 403 1941 467 dictum
1979 406 2114 484 est,
2152 403 2396 466 tertius

296 506 328 557 '1
367 495 502 560 dies
557 493 1013 578 disputationis
1068 493 1192 558 hoc
1257 493 1524 556 tertium
1578 492 1881 557 volumen
1936 451 2190 555 efficiet.
2299 489 2400 555 Ut

366 584 536 648 enim
604 583 674 647 in
725 581 1142 648 Academiam
1203 583 1497 646 nostram
1562 579 2003 645 descendimus
2063 578 2395 643 inclinato

364 672 497 736 iam
549 671 622 734 in
677 670 1249 754 postmeridianum
1312 672 1569 752 tempus
1633 668 1764 751 die,
1825 666 2099 752 poposci
2162 687 2395 731 eorum
2420 691 2447 732 5

365 759 674 861 aliquem,
727 758 840 842 qui
893 757 1186 842 aderant,
1249 778 1512 822 causam
1575 718 1946 821 disserendi.
2052 754 2222 818 Tum
2286 775 2394 818 res

365 849 512 959 acta
557 847 650 911 sic
693 849 818 911 est.

283 932 329 996 4
495 935 580 1000 A.
632 933 962 998 Videtur
997 933 1186 997 mihi
1223 932 1493 998 cadere
1538 932 1616 996 in
1662 932 2097 1016 sapientem
2134 931 2423 1016 aegri·-

363 1022 565 1088 tudo.

496 1115 586 1174 M.
647 1108 823 1174 Num
892 1108 1176 1193 reliquae
1248 1131 1502 1195 quoque
1573 1108 2114 1210 perturbationes·
2170 1101 2393 1191 animi,
2418 1135 2465 1174 ιο

362 1196 768 1281 formidines,
831 1197 1162 1282 libidines,
1231 1196 1646 1262 iracundiae?
1762 1196 1939 1262 Haec
2012 1196 2189 1260 enim
2250 1196 2391 1261 fere

364 1288 516 1350 sunt
579 1285 716 1351 eius
779 1285 983 1369 modi,
1050 1307 1211 1370 quae
1275 1283 1511 1351 Graeci
1572 1279 1759 1367 πάθη
1825 1284 2188 1368 appellant3
2264 1303 2390 1369 ego

361 1376 659 1476 poteram
713 1374 1047 1458 morbos,
1101 1377 1168 1438 et
1218 1373 1286 1439 id
1340 1375 1607 1438 verbum
1662 1376 1832 1438 esset
1885 1395 1920 1437 e
1980 1373 2210 1457 verbo,
2274 1372 2393 1437 sed

363 1461 434 1526 in
471 1461 999 1528 consuetudinem
1033 1465 1326 1526 nostram
1362 1483 1494 1526 non
1531 1461 1804 1526 caderet.
1865 1460 2035 1526 Nam
2073 1461 2392 1544 misereri,

363 1550 676 1634 invidere,
712 1550 977 1635 gestire,
1021 1549 1278 1634 laetari,
1319 1550 1479 1614 haec
1518 1549 1736 1615 omnia
1782 1547 2112 1614 ‘morbos'
2152 1547 2390 1614 Graeci
2417 1575 2462 1616 15

363 1638 724 1722 appellant,
786 1642 1004 1704 motus
1067 1638 1266 1703 animi
1336 1637 1578 1703 rationi
1648 1657 1781 1702 non
1854 1637 2389 1722 obtemperantiS,

361 1747 481 1790 nos
537 1729 755 1791 autem
806 1727 928 1792 hos
983 1727 1241 1792 eosdem
1296 1729 1513 1791 motus
1568 1725 1879 1790 concitati
1932 1725 2133 1789 animi
2189 1731 2387 1809 recte,

361 1817 437 1878 ut
472 1815 726 1899 opinor,
769 1815 1404 1898 perturbationes
1442 1813 1818 1897 dixerimus,
1862 1813 2125 1878 morbos
2166 1817 2389 1878 autem

362 1923 496 1966 non
542 1903 702 1967 satis
748 1903 1012 1986 usitate,
1056 1903 1183 1966 nisi
1228 1902 1381 1987 quid
1426 1901 1601 1966 aliud
1644 1901 1766 1966 tibi
1812 1901 2081 1967 videtur.

293 2001 328 2050 8
497 1989 584 2054 A.
635 1989 801 2054 Mihi
844 2011 995 2054 vero
1041 1989 1171 2055 isto
1217 1990 1427 2055 modo.
2412 2016 2461 2056 ευ

495 2075 592 2140 M.
637 2074 922 2140 Haecine
966 2077 1170 2159 igitur
1215 2078 1441 2142 cadere
1485 2077 1556 2141 in
1602 2077 1965 2162 sapientem
2008 2077 2252 2162 putas?

495 2163 577 2228 A.
629 2163 902 2228 Prorsus
949 2163 1266 2228 existimo.

497 2255 586 2314 M.
629 2249 695 2316 N
697 2271 732 2314 e
786 2250 917 2315 ista
969 2251 1256 2335 gloriosa
1310 2252 1627 2336 sapientia
1687 2275 1821 2319 non
1883 2273 2123 2338 magno
2190 2256 2385 2320 aesti-

362 2338 598 2403 manda
651 2341 776 2422 est,
831 2338 1146 2422 siquidem
1197 2360 1333 2405 non
1376 2342 1655 2406 multum
1710 2342 1925 2406 differt
1978 2343 2059 2406 ab
2108 2343 2383 2408 insania.

366 2516 381 2530 .
493 2431 573 2530 A:
627 2425 839 2580 guid?
901 2426 1025 2491 tibi
1088 2430 1380 2494 omnisne
1449 2429 1649 2494 animi
1714 2430 2061 2496 commotio
2126 2431 2385 2496 videtur
2408 2456 2455 2497 25

361 2537 619 2581 insama

493 2611 586 2669 M.
628 2603 780 2670 Non
823 2603 985 2669 mihi
1039 2605 1296 2690 quidem
1344 2604 1492 2688 soli,
1546 2603 1684 2688 sed,
1736 2604 1803 2670 id
1857 2605 2028 2690 quod
2074 2605 2383 2672 admirari

363 2713 554 2774 saepe
600 2693 802 2776 soleo,
856 2693 1212 2758 maioribus
1267 2713 1520 2777 quoque
1563 2693 1805 2757 nostris
1857 2694 1983 2758 hoc
2025 2693 2122 2758 ita
2167 2695 2383 2759 visum

361 2778 671 2863 intellego
726 2781 952 2845 multis
1007 2780 1281 2846 saeculis
1338 2785 1487 2845 ante
1544 2779 1903 2865 Socratem,
1958 2803 1999 2846 a
2043 2803 2171 2865 quo
2219 2782 2381 2848 haec

363 2887 574 2930 omn1s
583 2916 602 2950 ,
656 2888 818 2950 quae
873 2872 973 2932 est
1028 2868 1106 2933 de
1160 2869 1295 2933 vita
1350 2872 1417 2932 et
1470 2870 1548 2933 de
1593 2869 1909 2954 moribus,
1966 2869 2381 2954 philosophia
2405 2897 2455 2938 so

361 2953 670 3018 manavit.

493 3041 575 3106 A.
631 3039 924 3116 Quonam
967 3043 1230 3108 tandem
1278 3044 1517 3110 modo‘?

493 3129 589 3194 M.
636 3127 805 3204 Quia
854 3150 1092 3195 nomen
1144 3132 1435 3198 insaniae
1490 3132 1814 3218 significat
1870 3133 2107 3200 mentis
2153 3156 2375 3220 aegro-

360 3215 677 3281 tat-ionem
711 3219 778 3280 et
811 3219 1112 3283 morbum
1151 3221 1195 3300 [,
1234 3220 1301 3285 id
1338 3225 1440 3286 est
1481 3221 1896 3287 insanitatem
1934 3225 2001 3287 et
2036 3226 2375 3308 aegrotum

287 3317 324 3364 9
363 3303 678 3387 animum,
732 3326 924 3388 quam
979 3306 1395 3408 appellarunt
1446 3310 1791 3376 insaniam.
1878 3309 2105 3376 Omnis
2158 3317 2375 3376 autem
2402 3337 2449 3378 35

360 3392 878 3473 perturbationes
960 3394 1160 3460 animi
1238 3397 1498 3463 morbos
1581 3399 1960 3483 philosophi
2040 3399 2375 3483 appellant

360 3483 730 3564 negantque
767 3482 1038 3548 stultum
1075 3504 1460 3568 quemquam
1504 3485 1611 3550 his
1646 3488 1893 3552 morbis
1929 3508 2175 3553 vacare.
2251 3486 2377 3563 Qui
