2609 3884
691 124 827 181 Lm.
863 126 908 181 Ι.
966 124 1121 181 GAP.
1163 132 1256 196 16,
1295 132 1379 182 1⁷.
1436 132 1467 193 ς
1505 132 1729 183 51—57
2114 128 2241 191 113

342 284 515 352 Huic
569 288 782 351 certae
843 287 1190 372 stabilique
1247 288 1611 353 sententiae
1676 310 1841 374 quae
1901 288 2033 355 sint
2092 310 2237 354 con·
2278 334 2344 381 55

201 374 463 459 iuncta,
527 374 862 458 explicabo
926 376 1124 441 brevi.
1231 375 1467 441 Nullus
1531 377 1601 441 in
1662 376 1823 460 ipsis
1888 397 2067 442 error
2138 380 2239 441 cst

199 462 447 527 finibus
494 463 813 528 bonorum
859 465 926 527 et
971 464 1319 547 malorum,
1372 463 1441 528 id
1486 467 1587 529 est
1630 464 1701 529 in
1743 464 2080 548 voluptate
2125 469 2239 529 aut

201 551 277 614 in
343 550 590 636 dolore,
655 550 772 615 sed
823 551 896 617 in
947 551 1032 615 iis
1087 551 1280 617 rebus
1336 556 1629 635 peccant,
1684 573 1855 636 cum,
1910 574 1945 617 e
2005 553 2239 636 quibus

135 662 170 705 5
203 638 374 703 haec
428 638 816 721 efficiantur,
868 638 1192 724 ignorant.
1300 638 1527 707 Animi
1591 643 1809 705 autem
1871 641 2237 724 voluptates

195 730 281 804 ,et
344 727 596 793 dolores
651 726 834 793 nasci
886 726 1170 793 fatemur
1225 749 1262 793 e
1317 729 1605 812 corporis
1668 728 2111 812 voluptatibus
2172 732 2239 793 et

205 814 577 901 doloribus3
622 816 844 899 itaque
885 815 1187 899 conced0,
1234 816 1405 900 quod
1448 816 1640 882 modo
1688 815 1977 901 dicebas,
2009 817 2236 882 cadere

203 924 434 986 causa,
479 902 538 968 si
584 903 695 989 qui
743 924 778 967 e
810 903 1054 969 nostris
1092 904 1286 970 aliter
1324 904 1730 987 existimant,
1774 925 1934 988 quos
1980 904 2237 989 quidem

199 990 399 1057 video
461 1012 602 1057 esse
657 991 926 1075 multos,
981 991 1096 1057 sed
1147 992 1515 1077 imperitos3
1572 1013 1963 1076 quamquam
2020 997 2238 1059 autem

108 1105 168 1145 ιο
203 1082 278 1143 et
322 1079 642 1145 laetitiam
686 1079 880 1146 nobis
926 1080 1226 1164 voluptas
1272 1080 1475 1147 animi
1530 1083 1597 1145 et
1640 1081 2007 1145 molestiam
2052 1080 2238 1147 dolor

203 1167 467 1251 afferat,
526 1189 749 1233 eorum
802 1171 1024 1233 tamen
1067 1173 1412 1252 utrumque
1458 1172 1526 1233 et
1570 1172 1785 1233 ortum
1829 1190 1971 1234 esse
2017 1190 2052 1233 e
2098 1190 2235 1235 cor-

199 1276 366 1339 pore
421 1258 487 1320 et
541 1255 624 1320 ad
678 1276 912 1340 corpus
964 1256 1222 1341 referri,
1271 1277 1393 1321 nec
1447 1256 1532 1322 ob
1590 1278 1734 1322 eam
1788 1278 2052 1323 eausam
2100 1280 2235 1323 non

199 1343 417 1409 multo
481 1344 764 1409 maiores
830 1364 972 1409 esse
1035 1347 1104 1409 et
1165 1345 1535 1427 voluptates
1590 1349 1658 1410 et
1714 1345 1973 1410 dolores
2034 1345 2235 1409 animi

200 1453 404 1515 quam
459 1432 770 1516 corporis.
867 1429 1042 1499 Nam
1077 1453 1363 1516 ⁴corpore
1416 1432 1583 1497 nihil
1634 1433 1760 1498 nisi
1815 1428 2121 1517 praesens
2169 1436 2237 1497 et

109 1546 169 1587 15
202 1519 383 1603 quod
439 1520 624 1585 adest
676 1520 916 1585 sentire
969 1542 1341 1623 possumus,
1396 1521 1614 1587 animo
1672 1524 1888 1585 autem
1942 1524 2007 1585 et
2050 1542 2234 1603 prae-

199 1608 407 1674 terita
457 1612 524 1673 et
574 1608 812 1673 futura.
909 1607 1006 1674 Ut
1060 1610 1236 1674 enim
1290 1630 1491 1693 aeque
1546 1608 1876 1674 doleamus
1939 1610 2234 1709 [animo],

203 1718 356 1761 cum
403 1716 673 1799 corpore
719 1696 1042 1781 dolemus,
1096 1698 1239 1763 fieri
1280 1701 1506 1762 tamen
1548 1718 1905 1781 permagna
1949 1696 2232 1761 accessio

200 1787 454 1868 potest,
518 1784 576 1849 si
639 1784 904 1885 aliquod
957 1788 1289 1851 aeternum
1349 1787 1417 1850 et
1477 1784 1802 1850 infinitum
1862 1784 2232 1868 impendere

201 1871 456 1939 malum
506 1873 697 1938 nobis
755 1872 1109 1958 opinemur.
1208 1872 1396 1951 Quod
1449 1872 1623 1937 idem
1673 1872 1829 1937 licet
1877 1873 2232 1937 transferre

111 1988 174 2027 2⁰
201 1963 278 2025 111
313 1960 735 2045 voluptatem,
770 1964 846 2026 ut
881 1982 958 2047 ea
993 1962 1204 2027 maior
1236 1960 1340 2045 sit,
1385 1961 1443 2026 si
1476 1960 1645 2025 nihil
1679 1960 1813 2025 tale
1851 1963 2231 2026 metuamus.

201 2049 352 2115 Iam
387 2049 550 2114 illud
587 2048 845 2133 quidem
879 2049 1292 2135 perspicuum
1329 2053 1457 2132 est,
1494 2048 1694 2113 animi
1729 2048 2084 2114 maximam
2121 2053 2233 2114 aut

203 2137 616 2239 voluptatem
663 2142 779 2203 aut
822 2138 1192 2203 molestiam
1201 2138 1374 2224 ‚plus
1412 2141 1525 2203 aut
1560 2136 1643 2201 ad
1686 2137 1947 2202 beatam
1993 2139 2107 2201 aut
2150 2137 2232 2201 ad

201 2226 516 2292 miseram
560 2226 765 2290 vitam
835 2225 1064 2295 afferre
1107 2225 1423 2291 momenti
1476 2246 1671 2309 quam
1720 2247 1943 2290 eorum
1987 2228 2231 2289 utrum-

201 2314 337 2397 vis,
391 2314 451 2379 si
503 2334 702 2397 aeque
756 2313 866 2378 diu
920 2314 1008 2379 sit
1059 2314 1128 2379 in
1171 2334 1457 2397 corpore.
1544 2312 1698 2379 Non
1749 2312 1968 2397 placet
2014 2316 2233 2377 autem

115 2427 174 2469 25
206 2402 505 2467 detracta
546 2402 881 2485 voluptate
925 2402 1403 2487 aegritudinem
1446 2401 1673 2467 statim
1718 2401 2054 2485 consequi,
2100 2400 2233 2464 nisi

203 2492 281 2557 in
327 2490 685 2575 voluptatis
731 2490 946 2556 locum
993 2490 1182 2557 dolor
1229 2490 1398 2555 forte
1437 2489 1844 2572 successerit3
1890 2491 1961 2555 at
2005 2492 2234 2553 contra

203 2578 492 2663 gaudere
527 2581 785 2644 nosmet
821 2578 1196 2643 omittendis
1233 2578 1595 2661 doloribus,
1641 2577 1895 2641 etiamsi
1932 2576 2231 2658 voluptas

205 2688 312 2750 ea,
360 2688 524 2751 quae
569 2687 829 2731 sensum
875 2670 1163 2750 moveat,
1203 2666 1390 2731 nulla
1435 2665 1841 2748 successerit3
1892 2684 2094 2748 eoque
2137 2663 2231 2727 in·

202 2755 436 2856 tellegi
487 2757 732 2838 potest,
789 2758 1030 2855 quanta
1081 2755 1383 2838 voluptas
1438 2754 1527 2819 sit
1577 2775 1713 2819 non
1764 2752 2001 2819 dolere.
2104 2750 2229 2817 Sed

118 2869 176 2909 so
203 2846 282 2909 ut
323 2842 410 2907 iis
453 2842 641 2908 bonis
680 2842 1015 2927 erigimur,
1062 2863 1222 2926 quae
1259 2846 1736 2925 exspectamus,
1782 2840 1875 2907 sic
1915 2834 2233 2905 laetamur

202 2931 318 3015 iis,
367 2952 529 3015 quae
572 2930 998 2997 recordamur.
1071 2928 1270 2996 Stulti
1306 2934 1525 3000 autem
1565 2930 1884 2994 malorum
1920 2928 2231 2994 memoria

201 3023 618 3103 torquentur,
692 3018 1020 3103 sapientes
1091 3018 1266 3084 bona
1340 3018 1693 3102 praeterita
1764 3020 1953 3102 grata
2023 3037 2230 3081 recor-

191 3106 470 3173 datione
504 3111 820 3173 renovata
856 3108 1199 3172 delectant.
1271 3105 1398 3171 Est
1433 3108 1650 3171 autem
1683 3106 1882 3170 situm
1918 3105 1989 3170 in
2023 3103 2231 3187 nobiS,

207 3199 282 3261 ut
339 3199 407 3260 et
460 3194 728 3263 adversa
780 3196 965 3280 quasi
1017 3197 1332 3279 perpetua
1386 3194 1711 3260 oblivione
1772 3194 2121 3261 obruamus
2166 3196 2233 3255 et

119 3310 174 3351 ⁸5
203 3283 489 3352 secunda
531 3282 806 3349 iucunde
861 3305 937 3349 ac
991 3283 1277 3348 suaviter
1325 3283 1823 3348 meminerimus.
1913 3280 2041 3347 sed
2085 3299 2230 3345 cum

203 3394 314 3456 ea,
370 3392 534 3457 quae
587 3372 1085 3455 praeterierunt,
1141 3371 1276 3437 acri
1331 3371 1547 3435 animo
1595 3374 1663 3435 et
1722 3374 1974 3434 attento
2021 3370 2228 3433 intue-

203 3482 383 3543 mur,
429 3464 569 3523 tum
606 3459 708 3544 fit,
750 3462 827 3524 ut
862 3458 1199 3545 aegritudo
1237 3462 1574 3591 sequatur,
1616 3458 1674 3523 si
1716 3458 1833 3523 illa
1868 3457 2041 3521 mala
2078 3456 2229 3539 sint,

316 3570 428 3613 010.
451 3571 534 3613 111.
578 3572 619 3612 1.
1764 3565 1797 3615 8

2264 257 2341 319 1Ἱ

2269 2066 2335 2114 56

2267 2768 2383 2817 57
