2609 3884
48 224 53 321 Ι
685 191 822 247 LIB.
858 192 929 247 Π.
985 192 1138 248 CAP.
1183 200 1423 249 12—14.
1481 200 1512 259 5
1548 200 1792 251 38—44.
2124 196 2251 259 139

46 416 48 421 .
221 356 449 417 autem
494 353 633 418 eius
678 353 854 418 modi
899 356 1026 437 est,
1072 356 1148 417 ut
1184 353 1478 419 additum
1513 354 1595 419 ad
1630 355 1936 421 virtutem
1974 356 2249 422 auctori-

44 430 48 515 !
217 444 432 506 tatem
496 442 794 507 videatur
869 404 1244 506 habiturum
1317 445 1383 507 et
1453 444 1856 527 expleturum
1927 445 2251 510 cumulate

42 518 47 563 ³
217 530 434 594 vitam
479 529 765 612 beatam,
811 529 888 595 de
933 552 1060 614 quo
1099 530 1309 595 omnis
1354 531 1514 596 haec
1558 532 1853 619 quaestio
1890 537 2005 598 est.
2077 531 2251 598 Nam

217 617 338 701 qui
411 618 494 683 ad
563 579 873 682 virtutem
945 618 1309 704 adiungunt
1383 620 1486 684 vel
1558 620 1982 704 voluptatem,
2055 642 2250 705 quam

156 732 187 771 5
215 728 426 771 unam
486 706 692 771 virtus
766 706 1020 770 minimi
1085 706 1276 790 facit,
1348 707 1454 773 vel
1524 708 1917 773 vacuitatem
1989 708 2249 793 doloriS,

218 816 393 879 quae
447 794 702 859 etiamsi
763 794 938 860 malo
1000 798 1209 878 caret,
1257 756 1490 861 ’tamen
1549 817 1685 861 non
1751 799 1849 861 est
1922 818 2249 862 summum

217 884 498 967 bonum,
571 883 934 948 accessione
1006 886 1278 949 utuntur
1353 904 1487 948 non
1547 884 1643 948 ita
1712 884 2063 968 probabili,
2132 907 2249 951 nec

214 974 472 1055 tamen,
536 992 650 1035 cur
710 970 778 1035 id
837 974 976 1035 tam
1046 992 1240 1055 parce
1301 975 1566 1056 tamque
1629 971 1925 1037 restricte
1987 972 2250 1057 faciant,

215 1060 555 1144 intellego.
647 1058 846 1135 Quasi
891 1058 1064 1123 enim
1111 1059 1454 1124 emendum
1498 1060 1589 1125 eis
1630 1060 1743 1142 sit,
1789 1060 1963 1144 quod
2008 1061 2250 1126 addant

129 1174 186 1211 10
217 1147 309 1212 ad
355 1146 688 1231 virtutem,
732 1147 1016 1231 primum
1059 1147 1411 1212 vilissimas
1456 1168 1559 1213 res
1606 1148 1876 1232 addunt,
1920 1147 2071 1213 dein
2116 1150 2248 1214 sin-

216 1236 413 1321 gulas
457 1236 674 1319 potius
683 1285 701 1320 ,
745 1257 941 1319 quam
988 1235 1234 1313 omnia,
1278 1257 1443 1319 quae
1486 1236 1698 1319 prima
1731 1240 1966 1301 natura
2010 1259 2242 1321 appro-

214 1324 538 1405 bavisset,
583 1344 659 1387 ea
703 1344 851 1387 cum
893 1322 1234 1388 honestate
1277 1324 1757 1408 coniungerent.
1846 1324 2028 1402 Quae
2073 1325 2246 1409 quod
2281 1344 2350 1392 43

215 1410 522 1477 Aristoni
568 1416 635 1476 et
675 1410 1004 1495 Pyrrhoni
1050 1411 1314 1476 omnino
1358 1411 1501 1476 visa
1547 1415 1700 1477 sunt
1739 1434 1859 1497 pro
1904 1413 2130 1497 nihilo,
2174 1416 2248 1478 ut

215 1502 397 1565 inter
470 1500 712 1583 optime
783 1499 1001 1564 valere
1077 1503 1143 1563 et
1217 1499 1597 1583 gravissime
1672 1503 2007 1585 aegrotare
2079 1501 2247 1565 nihil

134 1613 186 1653 15
215 1610 488 1673 prorsus
551 1587 835 1652 dicerent
886 1587 1229 1671 interesse,
1291 1589 1464 1651 recte
1516 1588 1648 1652 iam
1709 1588 1960 1671 pridem
2022 1593 2247 1653 contra

217 1699 337 1742 eos
384 1676 659 1741 desitum
704 1679 806 1740 est
857 1674 1192 1758 disputari.
1280 1673 1455 1740 Dum
1500 1676 1671 1740 enim
1713 1676 1787 1740 in
1830 1698 1962 1741 una
2006 1676 2245 1742 virtute

218 1765 318 1830 sic
381 1763 601 1829 omnia
663 1785 802 1828 esse
865 1762 1229 1846 voluerunt,
1293 1765 1371 1827 ut
1424 1785 1565 1828 eam
1618 1785 1835 1829 rerum
1898 1764 2244 1830 selectione

217 1853 663 1937 exspoliarent
729 1873 849 1917 nec
919 1851 979 1915 ei
1051 1851 1423 1951 quicquam,
1508 1854 1623 1916 aut
1703 1853 1871 1917 unde
1952 1852 2247 1937 oriretur,

217 1942 476 2024 darent,
522 1942 637 2005 aut
679 1940 796 2004 ubi
835 1939 1178 2023 niteretur,
1223 1938 1529 2005 virtutem
1573 1940 1815 2025 ipsam,
1872 1961 2066 2024 quam
2112 1963 2247 2005 am-

131 2056 190 2095 20
217 2029 675 2130 plexabantur,
719 2027 1137 2092 sustulerunt.
1219 2024 1469 2092 Erillus
1516 2031 1732 2093 autem
1778 2028 1859 2093 ad
1906 2028 2246 2093 scientiam

220 2118 447 2183 omnia
488 2137 799 2182 revocans
845 2138 1048 2180 unum
1093 2116 1415 2199 quoddam
1450 2116 1697 2181 bonum
1740 2116 1928 2198 vidit,
1976 2116 2089 2181 sed
2124 2139 2245 2181 nec

219 2206 572 2307 optimum,
625 2225 746 2268 nec
799 2225 926 2288 quo
979 2204 1116 2267 vita
1160 2203 1508 2287 gubernari
1550 2205 1778 2289 possit.
1867 2165 2096 2290 Itaque
2140 2205 2248 2270 1116

217 2296 366 2378 ipse
409 2294 542 2358 iam
593 2292 844 2376 pridem
888 2294 990 2355 est
1031 2291 1331 2376 reiectus3
1389 2295 1540 2375 post
1584 2293 1758 2358 enim
1805 2290 2247 2377 Chrysippum

216 2404 358 2448 non
401 2402 557 2447 sane
603 2384 706 2445 est
750 2379 1170 2462 disputatum.

136 2495 191 2537 25
353 2468 645 2534 Restatis
699 2468 905 2553 igitur
955 2489 1100 2552 vos3
1153 2489 1311 2532 nam
1357 2489 1505 2533 cum
1549 2468 1950 2533 Academicis
1998 2467 2246 2534 incerta
2267 2470 2353 2535 14

217 2558 494 2624 luctatio
550 2559 677 2641 est,
746 2556 858 2640 qui
911 2555 1080 2619 nihil
1136 2555 1469 2622 affirmant
1531 2559 1598 2621 et
1658 2558 1842 2641 quasi
1904 2555 2247 2639 desperata

218 2646 593 2732 cognitione
656 2644 816 2708 certi
891 2643 961 2708 id
1024 2645 1205 2728 sequi
1266 2644 1522 2727 volunt,
1593 2644 2037 2728 quodcumque
2108 2646 2246 2709 veri

220 2734 434 2799 simile
496 2733 807 2798 videatur.
914 2729 1079 2795 Cum
1138 2730 1426 2815 Epicuro
1492 2735 1707 2796 autem
1758 2731 1886 2797 1106
1938 2732 2085 2815 plus
2144 2736 2245 2796 est
2282 2751 2354 2800 44

219 2822 496 2909 negotii,
550 2821 723 2904 quod
775 2842 812 2885 e
866 2819 1109 2921 duplici
1162 2840 1400 2922 genere
1452 2820 1805 2903 voluptatis
1860 2821 2245 2886 coniunctus

139 2937 194 2977 80
225 2915 352 2995 est,
417 2909 711 2994 quodque
774 2911 840 2972 et
888 2908 1029 2991 ipse
1087 2910 1153 2972 et
1205 2906 1400 2972 amici
1455 2908 1592 2972 eius
1648 2912 1714 2972 et
1765 2908 1956 2972 multi
2017 2912 2247 2991 postea

222 2999 593 3064 defensores
667 2995 805 3061 eius
881 2995 1240 3061 sententiae
1312 2996 1597 3081 fuerunt,
1680 2999 1747 3061 et
1827 2995 2044 3061 nescio
2118 3019 2243 3081 quo

222 3086 478 3170 modo,
491 3086 551 3150 is
595 3085 708 3169 qui
753 3083 1206 3149 auctoritatem
1246 3084 1582 3149 minimam
1623 3084 1850 3169 habet,
1894 3084 2247 3149 maximam

219 3176 382 3254 vim,
425 3173 709 3257 populus
755 3194 903 3237 cum
945 3171 1080 3236 illis
1125 3170 1302 3236 facit.
1384 3170 1559 3273 Quos
1602 3173 1734 3237 nisi
1776 3172 2248 3257 redarguimuS,

223 3263 435 3327 omnis
480 3262 712 3346 virtus,
758 3282 947 3326 omne
993 3259 1183 3325 decus
1193 3308 1212 3343 ,
1258 3261 1468 3326 omnis
1513 3282 1667 3326 vera
1709 3261 1854 3325 laus
1900 3260 2249 3325 deserenda

143 3376 196 3417 ³5
224 3353 341 3415 est.
429 3348 533 3415 Ita
578 3352 938 3415 ceterorum
983 3348 1319 3412 sententiis
1373 3350 1637 3414 semotis
1682 3348 2068 3432 relinquitur
2112 3368 2248 3412 non

223 3438 386 3503 1111111
423 3460 570 3503 611111
603 3437 957 3522 Torquato,
994 3436 1106 3500 sed
1141 3436 1371 3501 virtuti
1409 3457 1552 3500 cum
1588 3437 1783 3520 volup
1787 3440 1921 3500 tate
1958 3435 2247 3499 certatio.

225 3526 435 3603 Quam
481 3525 738 3610 quidem
775 3525 1195 3591 certationem
1239 3524 1437 3590 homo
1474 3528 1539 3588 et
1576 3528 1801 3589 acutus
1842 3527 1908 3587 et
1953 3522 2246 3605 diligenS‚
