2609 3884
656 159 1365 217 LIB.V.GAP.18-20.
1422 165 1733 227 §63—59.
2081 161 2215 227 445

185 322 390 389 morti
433 322 566 387 iam
611 322 740 405 ipsi
787 322 1162 387 adventanti
1206 322 1476 405 paulum
1510 322 1857 406 procedere
1894 323 1980 388 ob
2024 324 2217 409 viam,

184 410 364 495 quod
407 410 564 475 fecit
609 408 908 494 Catulus,
963 432 1158 493 quam
1204 410 1376 493 quod
1418 409 1695 495 Marius,
1748 411 1904 475 talis
1950 412 2075 476 viri
2119 413 2215 476 111-

184 499 393 563 teritu
438 520 550 563 sex
599 520 750 564 suos
795 497 1071 563 obruere
1117 499 1489 563 consulatus
1526 501 1593 564 et
1628 499 2068 565 contaminare
2110 521 2214 564 ex-

185 590 471 651 tremum
515 590 774 670 tempus
820 586 1075 651 aetatis.
2234 635 2323 699 20

129 698 158 740 8
325 673 984 759 Duodequadraginta
1037 695 1240 739 annos
1293 677 1615 758 tyrannus
1662 672 2217 759 Syracusanorum
2252 711 2321 762 5⁹1

187 761 319 825 fuit
370 761 754 846 Dionysiae,
810 783 956 827 cum
1011 762 1293 847 quinque
1350 766 1417 827 et
1470 762 1704 847 viginti
1757 766 1949 829 natus
2010 784 2217 828 annos

190 849 598 915 dominatum
653 850 1112 934 occupavisset.
1222 848 1367 926 Qua
1428 849 1908 933 pulchritudine
1970 849 2219 935 urbem,

186 938 424 1022 quibus
487 940 706 1002 autem
765 938 997 1021 opibus
1049 937 1416 1022 praeditam
1470 938 1780 1002 servitute
1837 959 2217 1022 oppressam

187 1026 404 1091 tenuit
473 1026 832 1091 civitatem!
948 1024 1154 1111 Atqui
1236 1025 1315 1089 de
1386 1025 1512 1091 hoc
1580 1024 1843 1092 homine
1916 1048 1957 1091 a
2025 1026 2217 1091 bonis

106 1139 161 1179 ιο
189 1113 566 1180 auctoribus
630 1114 724 1178 sic
787 1113 1099 1195 scriptum
1163 1134 1527 1197 accep1mus
1536 1162 1555 1197 ,
1626 1135 1951 1180 summam
2016 1113 2218 1179 fuisse

191 1201 332 1265 eius
406 1200 478 1265 in
547 1200 726 1264 victu
797 1201 1296 1301 temperantiam
1366 1200 1437 1266 in
1519 1201 1838 1287 rebusque
1911 1202 2218 1287 gerundis

191 1288 407 1352 virum
454 1308 669 1351 acrem
717 1288 783 1351 et
825 1286 1243 1371 industrium,
1262 1288 1562 1352 eundem
1597 1291 1821 1353 tamen
1857 1290 2219 1355 maleficum

191 1378 432 1439 natura
477 1378 544 1439 et
585 1374 916 1438 iniustum.
999 1372 1102 1439 Ex
1145 1395 1274 1459 quo
1321 1374 1621 1440 omnibus
1665 1376 1832 1441 bene
1877 1378 2220 1442 veritatem

192 1462 596 1528 intuentibus
645 1460 850 1526 videri
900 1482 1161 1527 necesse
1218 1464 1322 1526 est
1365 1462 1815 1528 miserrimum.
1902 1462 2005 1528 Ea
2049 1465 2222 1529 enim

42 1572 44 1575 ’
112 1575 165 1617 15
192 1550 367 1635 ipsa,
421 1571 582 1634 quae
638 1549 1078 1633 concupierat,
1129 1570 1212 1615 ne
1263 1551 1407 1613 tum
1462 1549 1747 1634 quidem,
1804 1572 1949 1616 cum
2002 1553 2223 1617 omnia

191 1637 1527 1810 1813111180ῗεῗ18Ξῗῗὶῗὲξῆἒὺᾳηίοὲἰῑ1ἶὲῗξαξὲἔο
1556 1636 1759 1791 118ί11ὲι11111ἱ
1793 1643 2221 1811 (gpspiidecslsgt
2255 1650 2324 1701 58

195 1815 342 1880 dem
379 1814 543 1879 alius
587 1814 717 1879 alio
763 1813 954 1880 modo
999 1810 1300 1899 tradidit)
1349 1813 1831 1899 abundaretque
1877 1816 1943 1879 et
1988 1835 2221 1900 aequa-

192 1903 356 1967 lium
416 1902 974 1967 familiaritatibus
1038 1905 1107 1967 et
1167 1901 1633 1968 consuetudine
1693 1902 2224 1987 propinquorum,

117 2016 170 2057 ιο
195 1990 469 2055 haberet
531 1992 727 2055 etiam
789 2011 968 2054 more
1035 1987 1342 2055 Graeciae
1418 1990 1729 2075 quosdam
1794 1989 2223 2056 adulescentis

42 2096 44 2111 =
201 2098 420 2142 amore
483 2078 886 2160 coniunctoS,
959 2077 1265 2143 credebat
1326 2098 1551 2143 eorum
1612 2078 1884 2158 nemini,
1950 2078 2062 2143 sed
2123 2079 2224 2162 iis,

199 2186 363 2250 quos
411 2186 488 2229 ex
531 2164 798 2229 familiis
843 2165 1266 2250 locupletium
1314 2187 1533 2231 servos
1580 2165 1935 2251 delegerat,
1986 2166 2223 2250 quibus

199 2273 436 2317 nomen
491 2252 821 2317 servitutis
873 2252 1015 2336 ipse
1068 2254 1461 2340 detraxerat,
1515 2256 1582 2317 et
1640 2253 2029 2339 quibusdam
2074 2276 2223 2320 con·

202 2341 380 2405 venis
437 2344 502 2405 et
554 2339 711 2405 feris
766 2339 1062 2406 barbaris
1116 2343 1405 2427 corporis
1460 2342 1817 2407 custodiam
1862 2343 2223 2409 committe·

123 2455 176 2497 25
202 2429 336 2495 bat.
423 2418 530 2493 Ita
581 2432 849 2512 propter
901 2428 1215 2494 iniustam
1269 2429 1639 2495 dominatus
1685 2429 2108 2513 cupiditatem
2152 2431 2224 2494 in

203 2538 524 2583 carcerem
559 2516 842 2601 quodam
876 2516 1128 2582 modo
1107 2539 1247 2601 1pse
1285 2538 1352 2582 se
1379 2518 1745 2583 incluserat.
1810 2515 1982 2593 Quin
2009 2518 2224 2602 etiam,

203 2626 284 2671 ne
343 2605 594 2671 tonsori
656 2604 894 2669 collum
958 2605 1419 2690 committeret,
1491 2605 1759 2670 tondere
1836 2604 2007 2669 filias
2072 2627 2223 2669 suas

205 2692 437 2759 docuit.
541 2692 646 2758 Ita
709 2692 964 2758 sordido
1023 2686 1439 2778 ancillarique
1496 2692 1767 2758 artificio
1820 2693 2041 2777 regiae
2100 2694 2223 2759 vir-

205 2782 386 2867 gines
440 2784 516 2847 ut
575 2780 997 2846 tonstriculae
1050 2780 1411 2846 tondebant
1461 2781 1733 2846 barbam
1788 2784 1855 2845 et
1917 2781 2226 2865 capillum

126 2896 178 2937 ao
204 2870 426 2954 patris.
487 2868 580 2933 Et
613 2869 952 2937 tamenab
987 2868 1091 2934 1118
1128 2869 1310 2955 ipsis„
1346 2890 1493 2934 cum
1528 2869 1661 2933 iam
1694 2872 1913 2935 essent
1948 2869 2226 2955 adultae,

204 2958 442 3023 ferrum
477 2957 757 3023 removit
790 2956 1218 3043 instituitque,
1254 2960 1331 3021 ut
1357 2956 1779 3022 candentibus
1816 2958 2226 3041 iuglandium

203 3046 644 3127 putaminibus
679 3045 955 3111 barbam
993 3045 1120 3110 sibi
1157 3049 1224 3111 et
1261 3045 1565 3129 capillum
1602 3045 1959 3111 adurerent.
2033 3044 2224 3111 Cum-
2261 3063 2331 3113 59

206 3154 324 3215 que
371 3134 526 3197 duas
571 3155 802 3198 uxores
847 3134 1145 3219 haberet,
1189 3132 1716 3218 Aristomachen,
1770 3134 1978 3199 civem
2024 3154 2225 3215 suam,

206 3218 512 3285 Doridem
569 3224 784 3285 autem
835 3221 1250 3307 Locrensem,
1318 3222 1410 3287 sic
1462 3226 1664 3287 noctu
1718 3221 1801 3286 ad
1855 3241 1963 3285 eas
2020 3220 2224 3286 venti-

131 3335 181 3376 35
207 3308 418 3393 tabat,
470 3310 546 3372 ut
599 3308 819 3372 omnia
873 3310 1315 3393 specularetur
1368 3313 1437 3375 et
1487 3310 2003 3393 perscrutaretur
2059 3310 2225 3373 ante.

207 3396 294 3461 Et
335 3418 482 3462 cum
524 3395 771 3461 fossam
822 3397 1027 3461 latam
1070 3397 1428 3464 cubiculari
1481 3398 1653 3463 lecto
1699 3395 2226 3462 circumdedisset

209 3485 462 3571 eiusque
497 3484 713 3551 fossae
745 3484 1094 3551 transitum
1129 3484 1464 3571 ponticulo
1511 3486 1729 3571 ligneo
1766 3484 2225 3569 coniunxisset,
