2609 3884
359 154 440 220 78
871 147 1456 206 ACADEMICORUM
1492 149 1827 204 PRIORUM

357 312 485 380 alio
549 313 759 399 magis
822 313 1117 377 minusve
1180 308 1664 396 comprehendi,
1728 313 2032 394 quoniam
2091 308 2381 375 omnium

354 424 570 468 rerum
616 424 745 466 una
789 405 892 465 est
939 399 1228 464 definitio
1278 397 1882 483 comprehendendi.

251 474 335 538 42
491 487 617 555 Sed
693 487 866 573 quod
938 508 1304 571 coeperam:
1412 486 1580 562 Quid
1655 484 1970 551 habemus
2042 484 2115 550 in
2185 485 2380 550 rebus

252 564 354 612 129
401 577 591 642 bonis
638 581 705 641 et
750 575 940 641 malis
988 573 1353 658 explorati?
1442 572 1694 657 Nempe
1738 574 1899 638 fines
1946 572 2382 638 constituendi

359 668 537 748 sunt,
598 664 683 729 ad
739 685 899 748 quos
948 665 1015 727 et
1075 663 1395 727 bonorum
1440 665 1507 726 et
1559 661 1877 726 malorum
1923 683 2176 726 summa
2218 661 2380 725 refe·
2410 685 2444 728 5

358 757 557 818 ratur.
666 751 810 828 Qua
871 749 948 814 de
1013 770 1084 815 re
1150 753 1250 814 est
1328 749 1532 833 igitur
1605 749 1776 814 inter
1847 770 2131 814 summos
2205 748 2382 813 viros

361 840 570 906 maior
614 837 971 904 dissensio?
1038 835 1283 902 Omitto
1331 836 1464 919 illa,
1510 858 1672 921 quae
1718 837 1945 902 relicta
1987 836 2119 901 iam
2166 835 2385 901 viden-

359 933 493 1008 tur,
555 927 866 1009 Erillum,
931 925 1041 1013 qui
1094 925 1165 989 in
1210 924 1582 1009 cognitione
1629 928 1695 989 et
1747 923 2018 990 scientia
2063 945 2386 989 summum

361 1018 605 1082 bonum
658 1014 872 1099 ponit,
938 1012 1049 1097 qui
1092 1033 1238 1078 cum
1284 1012 1565 1078 Zenonis
1623 1012 1879 1077 auditor
1924 1016 2122 1095 esset,
2182 1011 2386 1095 videS,

363 1107 673 1188 quantum
730 1103 813 1167 ab
872 1123 947 1166 eo
1014 1100 1390 1166 dissenserit
1444 1103 1512 1164 et
1573 1122 1766 1184 quam
1827 1122 1961 1165 non
2014 1099 2288 1165 multum
2343 1121 2384 1164 a
2413 1125 2478 1166 ιο

361 1192 653 1257 Platone.
741 1188 1215 1274 Megaricorum
1268 1187 1396 1252 fuit
1452 1185 1695 1253 nobilis
1751 1187 2121 1273 disciplina,
2184 1187 2386 1269 0111119,

364 1283 440 1344 ut
485 1279 800 1362 scriptum
845 1277 1063 1361 video,
1104 1275 1406 1360 princeps
1450 1275 1909 1359 Xenophanes,
1955 1298 2144 1360 quem
2191 1276 2385 1340 modo

363 1365 714 1449 nominavi,
758 1364 988 1431 deinde
1035 1385 1180 1429 eum
1228 1363 1436 1429 secuti
1471 1363 1886 1428 Parmenides
1934 1367 2000 1428 et
2035 1361 2227 1447 Zeno,
2261 1361 2386 1427 ita·

366 1476 489 1538 que
553 1455 635 1519 ab
700 1453 783 1518 iis
836 1450 1115 1518 Eleatici
1176 1450 1555 1535 philosophi
1615 1451 2138 1516 nominabantur.
2227 1450 2388 1515 Post

363 1542 695 1625 Euclides,
743 1540 1027 1607 Socratis
1074 1538 1459 1623 discipulus,
1515 1537 1854 1624 Megareus
1864 1589 1882 1621 ,
1928 1562 1968 1603 a
2014 1561 2140 1623 quo
2187 1539 2386 1604 iidem
2414 1562 2476 1605 15

364 1630 469 1695 illi
503 1629 817 1715 Megarici
860 1628 1036 1713 dicti,
1081 1627 1191 1711 qui
1235 1627 1302 1693 id
1349 1627 1594 1692 bonum
1631 1625 1843 1691 solum
1879 1648 2020 1692 esse
2065 1627 2387 1710 dicebant,

367 1718 541 1803 quod
583 1721 755 1783 esset
798 1738 995 1782 unum
1042 1719 1109 1779 et
1152 1714 1364 1779 simile
1412 1718 1476 1779 et
1519 1714 1690 1779 idem
1737 1736 2002 1798 semper.
2093 1714 2184 1779 Hi
2228 1736 2385 1798 quo-

367 1827 490 1890 que
534 1805 743 1870 multa
789 1826 829 1869 a
871 1803 1162 1867 Platone.
1250 1803 1315 1866 A
1357 1801 1736 1868 Menedemo
1793 1807 2041 1886 autem,
2104 1809 2274 1886 quod
2325 1801 2384 1867 is

366 1893 626 1959 Eretria
668 1893 814 1974 fuit,
858 1889 1177 1956 Eretriaci
1224 1889 1550 1973 appellati,
1596 1911 1868 1974 quorum
1907 1911 2096 1956 omne
2141 1891 2385 1955 bonum

367 1980 439 2044 in
494 1985 711 2045 mente
767 1978 1055 2062 positum
1101 1981 1168 2042 et
1221 1977 1458 2042 mentis
1505 1977 1668 2061 acie,
1733 2000 1860 2062 qua
1903 1999 2124 2043 verum
2170 1998 2384 2042 cerne·
2414 2005 2475 2045 so

368 2072 574 2150 retur,
617 2065 812 2132 Erilli
856 2065 1119 2148 similia,
1164 2064 1294 2146 sed,
1354 2065 1602 2148 opinor,
1647 2065 1968 2149 explicata
2011 2065 2273 2131 uberius
2321 2070 2389 2131 et

268 2175 369 2225 130
415 2155 727 2221 ornatius.
842 2153 983 2218 Hos
1057 2152 1114 2218 si
1190 2152 1662 2218 contemnimus
1749 2157 1818 2217 et
1893 2154 2025 2219 iam
2098 2153 2387 2218 abiectos

369 2247 700 2328 putamus,
762 2240 915 2306 illos
960 2244 1132 2307 certe
1188 2241 1402 2306 minus
1461 2241 1788 2325 despicere
1843 2242 2176 2325 debemus,
2239 2241 2388 2305 Ari·

373 2335 649 2414 stonem,
696 2330 808 2416 qui
853 2351 998 2395 cum
1044 2327 1324 2394 Zenonis
1369 2329 1600 2395 fuisset
1643 2329 1926 2413 auditor,
1970 2351 2040 2393 re
2085 2329 2391 2413 probavit

372 2441 476 2503 ea,
540 2440 703 2503 quae
748 2418 859 2482 ille
904 2416 1144 2500 verbis,
1206 2416 1377 2481 nihil
1423 2439 1563 2483 esse
1615 2418 1857 2482 bonum
1901 2416 2034 2482 nisi
2077 2416 2386 2483 virtutem
2417 2443 2475 2486 25

369 2528 488 2573 nec
549 2507 817 2591 malum,
875 2505 1004 2570 nisi
1069 2504 1240 2590 quod
1294 2505 1524 2570 virtuti
1589 2510 1760 2570 esset
1824 2504 2245 2590 contrarium3
2317 2503 2392 2569 in

371 2595 601 2661 mediis
649 2617 726 2661 ea
768 2597 1113 2678 momenta,
1159 2614 1322 2679 quae
1368 2590 1539 2659 Zeno
1584 2592 1809 2677 voluit,
1852 2593 2032 2658 nulla
2067 2614 2208 2658 esse
2245 2614 2389 2657 cen·

375 2683 523 2749 suit.
587 2681 759 2747 Huic
805 2703 1127 2746 summum
1172 2683 1415 2746 bonum
1451 2685 1552 2746 est
1594 2680 1668 2744 in
1709 2679 1815 2745 his
1859 2681 2051 2747 rebus
2087 2683 2391 2745 neutram

370 2771 443 2835 in
498 2774 753 2853 partem
809 2769 1079 2853 moveri,
1142 2790 1305 2852 quae
1351 2764 1720 2852 ἀδιαφορία
1776 2769 1858 2833 ab
1924 2768 2071 2852 ipso
2134 2767 2390 2833 dicitur.

370 2856 623 2942 Pyrrho
671 2860 884 2921 autem
932 2878 1009 2921 ea
1051 2877 1135 2920 ne
1180 2855 1422 2920 sentire
1469 2856 1727 2941 quidem
1774 2855 2162 2940 sapientem,
2221 2877 2388 2940 quae
2417 2881 2472 2924 so

370 2939 665 3009 ἀπάθεια
690 2943 1083 3009 nominatur.
1154 2941 1293 3008 Has
1329 2943 1536 3028 igitur
1577 2947 1682 3009 tot
1719 2944 2070 3008 sententias
2098 2948 2173 3008 ut
2201 2943 2391 3009 omit-

370 3035 606 3115 tamus,
646 3031 809 3096 haec
853 3052 1028 3096 1111110
1071 3031 1422 3114 videamus,
1467 3052 1632 3115 quae
1675 3031 1787 3097 diu
1830 3032 2235 3116 multumque
2282 3031 2393 3096 de-

272 3140 373 3189 131
418 3120 608 3184 fensa
670 3121 837 3184 sunt.
927 3117 1068 3183 Alii
1128 3119 1531 3203 voluptatem
1593 3120 1790 3184 finem
1837 3140 1977 3185 esse
2033 3119 2395 3203 voluerunt,

375 3229 647 3293 quorum
706 3207 1006 3291 princeps
1058 3205 1463 3292 Aristippus,
1527 3207 1637 3292 qui
1691 3204 2025 3273 Socratem
2080 3207 2393 3290 audierat,

372 3295 543 3359 unde
607 3293 974 3379 Cyrenaici,
1037 3298 1190 3379 post
1249 3295 1598 3380 Epicurus,
1661 3294 1839 3360 cuius
1895 3299 1996 3360 est
2048 3294 2393 3378 disciplina
2420 3319 2475 3362 ⁸⁵

372 3403 546 3447 nunc
602 3382 823 3448 notior
868 3404 986 3448 nec
1046 3387 1269 3448 tamen
1314 3403 1459 3447 cum
1504 3380 1880 3467 Cyrenaicis
1940 3382 2018 3447 de
2080 3382 2228 3467 ipsa
2282 3403 2393 3447 vo-

372 3471 627 3554 luptate
655 3471 1083 3537 consentiens.
1146 3470 1573 3554 Voluptatem
1609 3473 1828 3534 autem
1873 3474 1939 3535 et
1981 3469 2394 3536 honestatem
