2609 3884
374 144 500 208 104
688 145 787 200 DE
822 143 1113 200 FINIBUS
1148 142 1512 199 BONORUM
1543 145 1640 199 ΕΤ
1677 143 2078 209 MALORUM·

368 309 481 371 aut
526 306 608 370 ad
650 309 951 371 naturam
988 309 1102 385 aut
1138 309 1366 371 contra
1403 304 1515 389 sit,
1562 327 1602 370 a
1636 309 1872 371 natura
1909 307 2055 390 ipsa
2098 309 2392 378 iudicari.

364 394 465 459 Ea
510 393 662 478 quid
709 394 988 478 percipit
1031 396 1145 458 aut
1191 393 1346 478 quid
1390 393 1663 478 iudicat,
1709 415 1835 478 quo
1883 399 2000 460 aut
2044 400 2228 481 petat
2273 401 2391 463 aut

260 492 327 541 31
366 481 579 566 fugiat
623 481 885 566 aliquid,
930 484 1187 566 praeter
1230 482 1635 565 voluptatem
1686 485 1772 547 et‘
1795 482 2128 549 dolorem?
2221 483 2392 551 Sunt

368 575 586 635 autem
648 570 910 654 quidam
973 591 1007 633 e
1069 569 1342 652 nostris,
1413 570 1524 654 qui
1595 569 1757 634 haec
1819 571 2123 637 subtilius
2185 573 2392 638 velint

364 658 623 723 tradere
670 660 736 723 et
779 661 1020 742 negent
1056 658 1215 722 satis
1254 678 1419 740 esse,
1465 656 1618 742 quid
1654 658 1897 724 bonum
1945 658 2034 724 sit
2074 663 2189 725 aut
2232 659 2390 746 quid
2419 687 2453 729 ο

366 745 639 828 malum,
698 767 890 817 sensu
942 745 1240 830 iudicari,
1305 745 1416 812 sed
1473 745 1688 811 animo
1745 746 1942 811 etiam
1999 769 2074 814 ac
2135 749 2393 814 ratione

366 834 659 918 intellegi
712 855 905 914 posse
959 836 1026 897 et
1078 833 1481 917 voluptatem
1533 834 1746 916 ipsam
1797 855 1928 917 per*
1967 856 2036 900 se
2092 857 2232 901 esse
2283 859 2392 902 ex-

364 921 711 1006 petendam
768 925 835 985 et
888 920 1176 986 dolorem
1229 921 1447 1004 ipsum
1501 943 1621 1005 per
1675 943 1744 986 se
1800 943 1938 987 esse
1993 923 2391 1008 fugiendum.

278 1065 286 1074 .
361 1007 591 1094 Itaque
646 1009 829 1074 aiunt
876 1007 1045 1073 hanc
1098 1009 1287 1094 quasi
1339 1009 1706 1074 naturalem
1752 1013 1945 1094 atque
2002 1012 2267 1077 insitam
2315 1014 2387 1077 in

364 1098 598 1161 animis
653 1096 895 1161 nostris
950 1097 1161 1161 inesse
1214 1097 1574 1180 notionem,
1627 1100 1704 1162 ut
1757 1098 2033 1164 alterum
2085 1121 2226 1165 esse
2273 1123 2388 1184 ap·
2418 1127 2484 1167 ιο

363 1183 733 1269 petendum,
818 1185 1093 1249 alterum
1178 1184 1650 1268 aspernandum
1743 1186 2113 1252 sentiamus,
2248 1187 2387 1253 Alii

362 1275 605 1355 autem,
650 1272 883 1358 quibus
933 1292 1055 1357 ego
1102 1273 1447 1358 assentior,
1493 1294 1642 1338 cum
1685 1295 1726 1338 a
1770 1273 2176 1359 philosophis
2212 1297 2388 1342 vcorn-

363 1359 658 1444 pluribus
702 1360 1028 1443 permulta
1063 1360 1385 1445 dicantur,
1430 1382 1543 1426 cur
1577 1381 1698 1427 nec
1731 1362 2033 1447 voluptas
2078 1363 2150 1464 131
2191 1363 2388 1428 bonis

366 1448 453 1513 sit
511 1448 907 1512 numeranda
970 1469 1091 1513 nec
1148 1448 1220 1513 in
1281 1449 1472 1513 malis
1537 1448 1750 1534 dolor,
1820 1472 1950 1515 non
2009 1451 2387 1517 existimant

364 1539 662 1620 oportere
714 1536 987 1600 nimium
1041 1557 1163 1601 nos
1218 1556 1449 1602 causae
1507 1537 1853 1620 confidere,
1908 1538 2020 1603 sed
2076 1541 2142 1604 et
2196 1561 2384 1624 argu-
2416 1566 2480 1608 15

362 1623 779 1690 mentandum
819 1628 885 1690 et
922 1627 1218 1690 accurate
1266 1624 1708 1693 disserendum
1745 1629 1812 1691 et
1845 1626 2209 1692 rationibus
2237 1649 2387 1693 con-

363 1712 619 1798 quisitis
685 1711 762 1776 de
827 1713 1159 1796 voluptate
1214 1716 1281 1776 et
1339 1711 1561 1778 dolore
1615 1713 2075 1797 disputandum
2131 1719 2387 1799 putant.

496 1799 623 1866 Sed
677 1803 752 1864 ut
805 1801 1238 1885 perspiciatiS,
1288 1799 1458 1865 unde
1513 1801 1724 1865 omnis
1776 1800 1902 1878 iste
1952 1805 2149 1867 natus
2205 1825 2388 1869 error

362 1887 451 1952 sit
510 1889 917 1970 voluptatem
980 1889 1420 1954 accusantium
1492 1889 1901 1974 doloremque
1962 1889 2386 1975 laudantium,

358 1978 570 2040 totam
612 1997 751 2040 rem
788 1975 1074 2058 aperiam
1110 1997 1312 2060 eaque
1347 1976 1520 2060 ipsa,
1566 1997 1730 2060 quae
1768 1977 1850 2042 ab
1891 1977 2004 2042 illo
2041 1978 2378 2044 inventore
2408 2007 2476 2048 πο

359 2063 657 2127 veritatis
704 2066 771 2127 et
823 2063 1008 2146 quasi
1062 2063 1417 2129 architecto
1475 2064 1706 2130 beatae
1750 2066 1924 2130 vitae
1979 2065 2152 2130 dicta
2207 2071 2382 2153 sunt,

360 2149 711 2234 explicabo,
807 2149 1016 2216 Nemo
1072 2152 1245 2216 enim
1306 2151 1518 2234 ipsam
1581 2154 2008 2237 voluptatem,
2062 2154 2214 2240 quia
2269 2173 2385 2222 1ο-·

357 2236 577 2321 luptas
632 2237 746 2322 sit,
801 2241 1183 2322 aspernatur
1246 2245 1362 2303 aut
1431 2239 1570 2305 odit
1623 2244 1738 2305 aut
1789 2241 1988 2327 fugit,
2053 2241 2166 2307 sed-
2227 2243 2386 2328 quia

360 2328 838 2410 consequuntur
889 2327 1112 2411 magni
1168 2326 1424 2392 dolores
1479 2349 1588 2393 eos
1601 2378 1621 2412 ‚
1683 2329 1795 2414 qui
1847 2331 2096 2395 ratione
2153 2331 2382 2416 volup-

266 2451 269 2455 ·
358 2417 563 2478 tatem
610 2413 790 2498 sequi
833 2415 1155 2498 nesciunt3
1204 2437 1410 2500 neque
1447 2437 1643 2500 porro
1688 2417 2033 2501 quisquam
2079 2421 2204 2497 est,
2266 2419 2381 2504 qui
2409 2445 2472 2488 25

360 2501 649 2568 dolorem
720 2502 961 2586 ipsum,
1036 2503 1188 2587 quia
1250 2502 1436 2569 dolor
1501 2504 1612 2588 sit,
1685 2508 1884 2588 amet,
1958 2510 2382 2592 consectetur,

362 2590 635 2674 adipisci
680 2591 863 2674 velit,
910 2590 1021 2656 sed
1067 2592 1219 2675 quia
1260 2613 1394 2657 non
1429 2613 1782 2676 numquam
1817 2593 1957 2658 eius
1994 2594 2172 2659 modi
2214 2598 2382 2660 tem-

356 2700 515 2761 pora
568 2678 887 2762 incidunt,
941 2683 1015 2745 ut
1068 2679 1289 2745 labore
1346 2683 1411 2745 et
1464 2679 1686 2745 dolore
1731 2702 2038 2766 magnam
2094 2681 2380 2767 aliquam

356 2768 627 2849 quaerat
683 2768 1101 2850 voluptatem.
1220 2767 1316 2834 Ut
1387 2768 1560 2833 enim
1624 2767 1706 2832 ad
1771 2769 2045 2834 minima
2104 2771 2382 2856 veniam,

67 1767 343 1893 fl?

358 2853 501 2936 quis
554 2856 850 2918 nostrum
905 2855 1436 2920 exercitationem
1489 2855 1695 2921 ullam
1749 2857 2040 2940 corporis
2105 2859 2382 2943 suscipit
2408 2885 2469 2927 eo
2593 2877 2596 2882 ’

356 2939 780 3024 laboriosam,
841 2942 968 3006 nisi
1030 2946 1107 3006 ut
1168 2942 1413 3027 aliquid
1486 2965 1569 3007 ex-
1629 2966 1704 3010 ea
1767 2944 2088 3010 commodi
2159 2967 2379 3012 conse-

358 3029 635 3111 quatur?
693 3029 832 3113 quis
889 3032 1105 3094 autem
1160 3031 1263 3094 vel
1319 3051 1465 3096 eum
1519 3031 1656 3096 iure
1701 3032 2212 3118 reprehenderit,
2267 3035 2380 3119 qui

355 3115 427 3179 in
472 3137 550 3180 ea
592 3115 925 3199 voluptate
969 3116 1129 3181 velit
1174 3138 1341 3201 esse,
1392 3139 1586 3202 quam
1629 3119 1796 3184 nihil
1842 3121 2182 3187 molestiae
2228 3144 2380 3188 con·

358 3207 693 3287 sequatur,
756 3203 861 3268 vel
904 3205 1137 3288 illum,
1203 3205 1315 3289 qui
1380 3205 1670 3271 dolorem
1735 3228 1882 3274 eum
1946 3209 2188 3294 fugiat,
2249 3232 2378 3295 quo

251 3308 319 3358 33
357 3290 661 3374 voluptas
705 3291 889 3356 nulla
931 3293 1265 3376 pariatur?
1366 3293 1460 3358 At
1504 3317 1654 3360 1610
1712 3317 1823 3361 608
1879 3299 1946 3360 et
2002 3314 2381 3364 accusamus
2407 3325 2465 3368 85

361 3381 428 3444 et
462 3379 635 3444 iusto
675 3379 823 3452 odio
861 3380 1279 3464 dignissimos
1319 3381 1633 3466 ducimus,
1679 3382 1790 3468 qui
1823 3383 2160 3450 blanditiis
2197 3408 2382 3470 prae·

361 3467 641 3542 sentium
720 3467 1132 3553 voluptatum
1214 3468 1480 3536 deleniti
1559 3475 1752 3555 atque
1827 3473 2145 3558 corrupti,
2218 3495 2380 3558 quos
