<?xml version="1.0" encoding="UTF-8"?>
<!DOCTYPE html PUBLIC "-//W3C//DTD XHTML 1.0 Transitional//EN"
    "http://www.w3.org/TR/xhtml1/DTD/xhtml1-transitional.dtd">
<html xmlns="http://www.w3.org/1999/xhtml" xml:lang="en" lang="en">
 <head>
  <title>
</title>
<meta http-equiv="Content-Type" content="text/html;charset=utf-8" />
  <meta name='ocr-system' content='tesseract 3.04.00' />
  <meta name='ocr-capabilities' content='ocr_page ocr_carea ocr_par ocr_line ocrx_word'/>
</head>
<body>
  <div class='ocr_page' id='page_1' title='image "./scriptaquaemans01mlgoog_0031.png"; bbox 0 0 2609 3884; ppageno 0'>
   <div class='ocr_carea' id='block_1_1' title="bbox 837 179 2245 240">
    <p class='ocr_par' dir='ltr' id='par_1_1' title="bbox 837 179 2245 240">
     <span class='ocr_line' id='line_1_1' title="bbox 837 179 2245 240; baseline 0.004 -6"><span class='ocrx_word' id='word_1_1' title='bbox 837 179 1264 237; x_wconf 87' lang='lat' dir='ltr'>ADNOTATIO</span> <span class='ocrx_word' id='word_1_2' title='bbox 1311 181 1615 238; x_wconf 87' lang='lat' dir='ltr'>CRITICA.</span> <span class='ocrx_word' id='word_1_3' title='bbox 2037 185 2245 240; x_wconf 88' lang='lat' dir='ltr'>XXVII</span> 
     </span>
    </p>
   </div>
   <div class='ocr_carea' id='block_1_2' title="bbox 209 337 2259 3564">
    <p class='ocr_par' dir='ltr' id='par_1_2' title="bbox 209 337 2259 3202">
     <span class='ocr_line' id='line_1_2' title="bbox 209 337 2245 411; baseline 0.003 -19"><span class='ocrx_word' id='word_1_4' title='bbox 209 355 322 407; x_wconf 87' lang='lat' dir='ltr'>quo</span> <span class='ocrx_word' id='word_1_5' title='bbox 378 337 550 394; x_wconf 89' lang='lat' dir='ltr'>modo</span> <span class='ocrx_word' id='word_1_6' title='bbox 607 337 879 408; x_wconf 84' lang='lat' dir='ltr'>explicari</span> <span class='ocrx_word' id='word_1_7' title='bbox 931 339 1126 409; x_wconf 85' lang='lat' dir='ltr'>possit.</span> <span class='ocrx_word' id='word_1_8' title='bbox 1179 371 1244 380; x_wconf 98' lang='lat'><strong>—</strong></span> <span class='ocrx_word' id='word_1_9' title='bbox 1290 339 1352 394; x_wconf 92' lang='lat' dir='ltr'>P.</span> <span class='ocrx_word' id='word_1_10' title='bbox 1392 347 1512 395; x_wconf 99' lang='grc'><strong>249.</strong></span> <span class='ocrx_word' id='word_1_11' title='bbox 1552 346 1619 396; x_wconf 91' lang='grc'>21</span> <span class='ocrx_word' id='word_1_12' title='bbox 1663 342 1861 411; x_wconf 89' lang='lat' dir='ltr'>possit</span> <span class='ocrx_word' id='word_1_13' title='bbox 1904 343 2068 396; x_wconf 84' lang='lat' dir='ltr'>codd.</span> <span class='ocrx_word' id='word_1_14' title='bbox 2116 343 2245 411; x_wconf 87' lang='lat' dir='ltr'>BE,</span> 
     </span>
     <span class='ocr_line' id='line_1_3' title="bbox 209 409 2248 482; baseline 0.002 -19"><span class='ocrx_word' id='word_1_15' title='bbox 209 409 432 478; x_wconf 88' lang='lat' dir='ltr'>Madv.‚</span> <span class='ocrx_word' id='word_1_16' title='bbox 478 411 728 477; x_wconf 86' lang='lat' dir='ltr'>possint</span> <span class='ocrx_word' id='word_1_17' title='bbox 779 409 961 480; x_wconf 65' lang='lat' dir='ltr'>vulg,</span> <span class='ocrx_word' id='word_1_18' title='bbox 1015 409 1160 465; x_wconf 88' lang='lat' dir='ltr'>Bait.</span> <span class='ocrx_word' id='word_1_19' title='bbox 1212 439 1279 452; x_wconf 88' lang='lat'>--</span> <span class='ocrx_word' id='word_1_20' title='bbox 1325 410 1387 464; x_wconf 92' lang='lat' dir='ltr'>P.</span> <span class='ocrx_word' id='word_1_21' title='bbox 1427 417 1547 466; x_wconf 92' lang='grc'><strong>249.</strong></span> <span class='ocrx_word' id='word_1_22' title='bbox 1590 417 1661 466; x_wconf 88' lang='grc'>30</span> <span class='ocrx_word' id='word_1_23' title='bbox 1714 414 1848 482; x_wconf 76' lang='lat' dir='ltr'>quia</span> <span class='ocrx_word' id='word_1_24' title='bbox 1900 415 2248 469; x_wconf 88' lang='lat' dir='ltr'>continentur</span> 
     </span>
     <span class='ocr_line' id='line_1_4' title="bbox 209 478 2246 552; baseline 0.002 -19"><span class='ocrx_word' id='word_1_25' title='bbox 209 480 379 548; x_wconf 88' lang='lat' dir='ltr'>Dav.‚</span> <span class='ocrx_word' id='word_1_26' title='bbox 425 479 614 534; x_wconf 88' lang='lat' dir='ltr'>Madv.</span> <span class='ocrx_word' id='word_1_27' title='bbox 631 522 644 548; x_wconf 88' lang='lat'>,</span> <span class='ocrx_word' id='word_1_28' title='bbox 689 479 834 533; x_wconf 88' lang='lat' dir='ltr'>Bait.</span> <span class='ocrx_word' id='word_1_29' title='bbox 883 479 969 534; x_wconf 84' lang='lat' dir='ltr'>cd.</span> <span class='ocrx_word' id='word_1_30' title='bbox 1022 478 1141 548; x_wconf 62' lang='lat' dir='ltr'>Or„</span> <span class='ocrx_word' id='word_1_31' title='bbox 1193 482 1292 550; x_wconf 77' lang='lat' dir='ltr'>qui</span> <span class='ocrx_word' id='word_1_32' title='bbox 1338 482 1687 537; x_wconf 80' lang='lat' dir='ltr'>continentur</span> <span class='ocrx_word' id='word_1_33' title='bbox 1733 483 1891 538; x_wconf 83' lang='lat' dir='ltr'>codd.</span> <span class='ocrx_word' id='word_1_34' title='bbox 1908 525 1921 551; x_wconf 92' lang='lat'>,</span> <span class='ocrx_word' id='word_1_35' title='bbox 1971 485 2069 552; x_wconf 77' lang='lat' dir='ltr'>qui</span> <span class='ocrx_word' id='word_1_36' title='bbox 2122 500 2246 538; x_wconf 88' lang='lat' dir='ltr'>con-</span> 
     </span>
     <span class='ocr_line' id='line_1_5' title="bbox 209 549 2245 609; baseline 0.002 -5"><span class='ocrx_word' id='word_1_37' title='bbox 209 552 421 604; x_wconf 81' lang='lat' dir='ltr'>tinetur</span> <span class='ocrx_word' id='word_1_38' title='bbox 477 549 864 605; x_wconf 86' lang='lat' dir='ltr'>Schoemanno</span> <span class='ocrx_word' id='word_1_39' title='bbox 917 552 1148 606; x_wconf 82' lang='lat' dir='ltr'>auctore</span> <span class='ocrx_word' id='word_1_40' title='bbox 1205 550 1352 606; x_wconf 94' lang='lat' dir='ltr'>Bait.</span> <span class='ocrx_word' id='word_1_41' title='bbox 1404 552 1491 606; x_wconf 85' lang='lat' dir='ltr'>cd.</span> <span class='ocrx_word' id='word_1_42' title='bbox 1546 552 1795 606; x_wconf 84' lang='lat' dir='ltr'>Tauchn.</span> <span class='ocrx_word' id='word_1_43' title='bbox 1844 583 1911 594; x_wconf 94' lang='lat'>-—</span> <span class='ocrx_word' id='word_1_44' title='bbox 1956 553 2017 608; x_wconf 91' lang='lat' dir='ltr'>P.</span> <span class='ocrx_word' id='word_1_45' title='bbox 2062 559 2182 609; x_wconf 96' lang='grc'><strong>250.</strong></span> <span class='ocrx_word' id='word_1_46' title='bbox 2216 561 2245 608; x_wconf 88' lang='grc'><strong>1</strong></span> 
     </span>
     <span class='ocr_line' id='line_1_6' title="bbox 211 620 2249 692; baseline 0.002 -18"><span class='ocrx_word' id='word_1_47' title='bbox 211 621 594 690; x_wconf 78' lang='lat' dir='ltr'>animumque</span> <span class='ocrx_word' id='word_1_48' title='bbox 640 620 800 675; x_wconf 86' lang='lat' dir='ltr'>codd.</span> <span class='ocrx_word' id='word_1_49' title='bbox 849 620 992 689; x_wconf 59' lang='lat' dir='ltr'>det„</span> <span class='ocrx_word' id='word_1_50' title='bbox 1045 620 1262 689; x_wconf 64' lang='lat' dir='ltr'>Madv„</span> <span class='ocrx_word' id='word_1_51' title='bbox 1319 623 1567 677; x_wconf 85' lang='lat' dir='ltr'>animum</span> <span class='ocrx_word' id='word_1_52' title='bbox 1612 622 1735 678; x_wconf 90' lang='lat' dir='ltr'>cod.</span> <span class='ocrx_word' id='word_1_53' title='bbox 1779 623 1852 692; x_wconf 89' lang='lat' dir='ltr'>B,</span> <span class='ocrx_word' id='word_1_54' title='bbox 1899 629 1960 679; x_wconf 93' lang='lat' dir='ltr'>et</span> <span class='ocrx_word' id='word_1_55' title='bbox 2004 626 2249 680; x_wconf 88' lang='lat' dir='ltr'>animum</span> 
     </span>
     <span class='ocr_line' id='line_1_7' title="bbox 211 690 2249 764; baseline 0.003 -20"><span class='ocrx_word' id='word_1_56' title='bbox 211 690 359 745; x_wconf 88' lang='lat' dir='ltr'>Bait.</span> <span class='ocrx_word' id='word_1_57' title='bbox 400 720 469 730; x_wconf 97' lang='lat'><strong>—</strong></span> <span class='ocrx_word' id='word_1_58' title='bbox 507 690 569 745; x_wconf 93' lang='lat' dir='ltr'>P.</span> <span class='ocrx_word' id='word_1_59' title='bbox 601 695 723 744; x_wconf 83' lang='lat'>250.</span> <span class='ocrx_word' id='word_1_60' title='bbox 757 696 824 745; x_wconf 90' lang='grc'>19</span> <span class='ocrx_word' id='word_1_61' title='bbox 862 695 990 746; x_wconf 86' lang='lat' dir='ltr'>ante</span> <span class='ocrx_word' id='word_1_62' title='bbox 1023 691 1175 760; x_wconf 88' lang='lat' dir='ltr'>quod</span> <span class='ocrx_word' id='word_1_63' title='bbox 1210 691 1401 747; x_wconf 89' lang='lat' dir='ltr'>Madv.</span> <span class='ocrx_word' id='word_1_64' title='bbox 1439 692 1582 747; x_wconf 81' lang='lat' dir='ltr'>scire</span> <span class='ocrx_word' id='word_1_65' title='bbox 1620 709 1679 747; x_wconf 84' lang='lat' dir='ltr'>sc</span> <span class='ocrx_word' id='word_1_66' title='bbox 1714 695 1888 763; x_wconf 80' lang='lat' dir='ltr'>negat</span> <span class='ocrx_word' id='word_1_67' title='bbox 1926 692 2050 761; x_wconf 84' lang='lat' dir='ltr'>quis</span> <span class='ocrx_word' id='word_1_68' title='bbox 2086 711 2249 764; x_wconf 84' lang='lat' dir='ltr'>prae-</span> 
     </span>
     <span class='ocr_line' id='line_1_8' title="bbox 211 759 2249 832; baseline 0.002 -18"><span class='ocrx_word' id='word_1_69' title='bbox 211 763 373 815; x_wconf 83' lang='lat' dir='ltr'>terea</span> <span class='ocrx_word' id='word_1_70' title='bbox 420 760 502 814; x_wconf 91' lang='lat' dir='ltr'>sic</span> <span class='ocrx_word' id='word_1_71' title='bbox 551 759 779 828; x_wconf 81' lang='lat' dir='ltr'>dixerit,</span> <span class='ocrx_word' id='word_1_72' title='bbox 838 761 1099 815; x_wconf 83' lang='lat' dir='ltr'>dixerunt</span> <span class='ocrx_word' id='word_1_73' title='bbox 1142 761 1323 816; x_wconf 87' lang='lat' dir='ltr'>Varro</span> <span class='ocrx_word' id='word_1_74' title='bbox 1372 764 1475 817; x_wconf 75' lang='lat' dir='ltr'>sat.</span> <span class='ocrx_word' id='word_1_75' title='bbox 1532 762 1681 818; x_wconf 86' lang='lat' dir='ltr'>Man.</span> <span class='ocrx_word' id='word_1_76' title='bbox 1736 781 1791 832; x_wconf 87' lang='lat' dir='ltr'>p.</span> <span class='ocrx_word' id='word_1_77' title='bbox 1842 768 1960 818; x_wconf 88' lang='grc'><strong>159.</strong></span> <span class='ocrx_word' id='word_1_78' title='bbox 2000 769 2036 817; x_wconf 81' lang='lat'>4</span> <span class='ocrx_word' id='word_1_79' title='bbox 2080 763 2249 832; x_wconf 65' lang='lat' dir='ltr'>Bisa,</span> 
     </span>
     <span class='ocr_line' id='line_1_9' title="bbox 209 830 2251 902; baseline 0.001 -17"><span class='ocrx_word' id='word_1_80' title='bbox 209 849 264 886; x_wconf 89' lang='lat' dir='ltr'>n.</span> <span class='ocrx_word' id='word_1_81' title='bbox 303 836 414 885; x_wconf 84' lang='grc'>260</span> <span class='ocrx_word' id='word_1_82' title='bbox 461 830 666 884; x_wconf 86' lang='lat' dir='ltr'>Buech.</span> <span class='ocrx_word' id='word_1_83' title='bbox 712 846 884 899; x_wconf 79' lang='lat' dir='ltr'>neque</span> <span class='ocrx_word' id='word_1_84' title='bbox 925 837 1050 898; x_wconf 84' lang='lat' dir='ltr'>post</span> <span class='ocrx_word' id='word_1_85' title='bbox 1093 833 1387 899; x_wconf 71' lang='lat' dir='ltr'>respiciens</span> <span class='ocrx_word' id='word_1_86' title='bbox 1431 848 1601 900; x_wconf 75' lang='lat' dir='ltr'>neque</span> <span class='ocrx_word' id='word_1_87' title='bbox 1644 838 1771 887; x_wconf 90' lang='lat' dir='ltr'>ante</span> <span class='ocrx_word' id='word_1_88' title='bbox 1812 835 2155 902; x_wconf 74' lang='lat' dir='ltr'>prospiciens</span> <span class='ocrx_word' id='word_1_89' title='bbox 2192 836 2251 888; x_wconf 87' lang='lat' dir='ltr'>ct</span> 
     </span>
     <span class='ocr_line' id='line_1_10' title="bbox 210 900 2248 969; baseline 0.002 -16"><span class='ocrx_word' id='word_1_90' title='bbox 210 901 309 969; x_wconf 89' lang='lat' dir='ltr'>qui</span> <span class='ocrx_word' id='word_1_91' title='bbox 341 900 548 954; x_wconf 82' lang='lat' dir='ltr'>dicitur</span> <span class='ocrx_word' id='word_1_92' title='bbox 574 901 737 954; x_wconf 89' lang='lat' dir='ltr'>Hom.</span> <span class='ocrx_word' id='word_1_93' title='bbox 768 901 891 954; x_wconf 87' lang='lat' dir='ltr'>Lat.</span> <span class='ocrx_word' id='word_1_94' title='bbox 922 900 975 955; x_wconf 89' lang='lat' dir='ltr'><strong>V</strong></span> <span class='ocrx_word' id='word_1_95' title='bbox 1000 906 1104 955; x_wconf 90' lang='grc'>409</span> <span class='ocrx_word' id='word_1_96' title='bbox 1132 916 1276 969; x_wconf 88' lang='lat' dir='ltr'>pars</span> <span class='ocrx_word' id='word_1_97' title='bbox 1314 903 1561 969; x_wconf 74' lang='lat' dir='ltr'>cuspidis</span> <span class='ocrx_word' id='word_1_98' title='bbox 1588 905 1715 956; x_wconf 88' lang='lat' dir='ltr'>ante</span> <span class='ocrx_word' id='word_1_99' title='bbox 1749 904 1970 968; x_wconf 88' lang='lat' dir='ltr'>eminet,</span> <span class='ocrx_word' id='word_1_100' title='bbox 2005 903 2248 957; x_wconf 85' lang='lat' dir='ltr'>fortasse</span> 
     </span>
     <span class='ocr_line' id='line_1_11' title="bbox 211 967 2251 1040; baseline 0 -15"><span class='ocrx_word' id='word_1_101' title='bbox 211 971 390 1026; x_wconf 84' lang='lat' dir='ltr'>ctiam</span> <span class='ocrx_word' id='word_1_102' title='bbox 447 970 626 1025; x_wconf 83' lang='lat' dir='ltr'>Varro</span> <span class='ocrx_word' id='word_1_103' title='bbox 677 971 747 1023; x_wconf 88' lang='lat' dir='ltr'>dc</span> <span class='ocrx_word' id='word_1_104' title='bbox 793 970 930 1038; x_wconf 86' lang='lat' dir='ltr'>ling.</span> <span class='ocrx_word' id='word_1_105' title='bbox 981 967 1104 1024; x_wconf 84' lang='lat' dir='ltr'>Lat.</span> <span class='ocrx_word' id='word_1_106' title='bbox 1153 970 1231 1025; x_wconf 90' lang='lat' dir='ltr'>VI</span> <span class='ocrx_word' id='word_1_107' title='bbox 1277 976 1345 1025; x_wconf 82' lang='lat'>82</span> <span class='ocrx_word' id='word_1_108' title='bbox 1394 971 1743 1038; x_wconf 69' lang='lat' dir='ltr'>speculator,</span> <span class='ocrx_word' id='word_1_109' title='bbox 1786 987 1943 1040; x_wconf 73' lang='lat' dir='ltr'>quem</span> <span class='ocrx_word' id='word_1_110' title='bbox 1984 973 2251 1026; x_wconf 79' lang='lat' dir='ltr'>mittimus</span> 
     </span>
     <span class='ocr_line' id='line_1_12' title="bbox 210 1039 2251 1106; baseline 0 -11"><span class='ocrx_word' id='word_1_111' title='bbox 210 1047 374 1106; x_wconf 84' lang='lat' dir='ltr'>ante;</span> <span class='ocrx_word' id='word_1_112' title='bbox 423 1041 492 1094; x_wconf 83' lang='lat' dir='ltr'>cf.</span> <span class='ocrx_word' id='word_1_113' title='bbox 541 1039 684 1094; x_wconf 87' lang='lat' dir='ltr'>Plin.</span> <span class='ocrx_word' id='word_1_114' title='bbox 733 1039 810 1093; x_wconf 92' lang='lat' dir='ltr'>XI</span> <span class='ocrx_word' id='word_1_115' title='bbox 858 1043 960 1094; x_wconf 90' lang='grc'>135</span> <span class='ocrx_word' id='word_1_116' title='bbox 1007 1054 1196 1094; x_wconf 86' lang='lat' dir='ltr'>sensus</span> <span class='ocrx_word' id='word_1_117' title='bbox 1233 1046 1363 1094; x_wconf 89' lang='lat' dir='ltr'>ante</span> <span class='ocrx_word' id='word_1_118' title='bbox 1396 1056 1497 1095; x_wconf 88' lang='lat' dir='ltr'>nos</span> <span class='ocrx_word' id='word_1_119' title='bbox 1546 1042 1791 1095; x_wconf 82' lang='lat' dir='ltr'>tendunt.</span> <span class='ocrx_word' id='word_1_120' title='bbox 1830 1069 1897 1080; x_wconf 84' lang='lat'>-—</span> <span class='ocrx_word' id='word_1_121' title='bbox 1933 1040 1996 1095; x_wconf 92' lang='lat' dir='ltr'>P.</span> <span class='ocrx_word' id='word_1_122' title='bbox 2027 1046 2147 1096; x_wconf 82' lang='lat'>250.</span> <span class='ocrx_word' id='word_1_123' title='bbox 2180 1047 2251 1096; x_wconf 83' lang='lat'>24</span> 
     </span>
     <span class='ocr_line' id='line_1_13' title="bbox 210 1109 2247 1178; baseline 0 -12"><span class='ocrx_word' id='word_1_124' title='bbox 210 1110 502 1166; x_wconf 84' lang='lat' dir='ltr'>immutari</span> <span class='ocrx_word' id='word_1_125' title='bbox 547 1109 707 1164; x_wconf 83' lang='lat' dir='ltr'>codd.</span> <span class='ocrx_word' id='word_1_126' title='bbox 758 1110 960 1177; x_wconf 66' lang='lat' dir='ltr'>deten,</span> <span class='ocrx_word' id='word_1_127' title='bbox 1006 1109 1180 1177; x_wconf 60' lang='lat' dir='ltr'>Bait„</span> <span class='ocrx_word' id='word_1_128' title='bbox 1231 1111 1442 1164; x_wconf 86' lang='lat' dir='ltr'>mutari</span> <span class='ocrx_word' id='word_1_129' title='bbox 1477 1110 1638 1164; x_wconf 88' lang='lat' dir='ltr'>codd.</span> <span class='ocrx_word' id='word_1_130' title='bbox 1675 1110 1722 1164; x_wconf 95' lang='lat' dir='ltr'>B</span> <span class='ocrx_word' id='word_1_131' title='bbox 1742 1110 1815 1178; x_wconf 84' lang='lat' dir='ltr'>E,</span> <span class='ocrx_word' id='word_1_132' title='bbox 1851 1109 2039 1165; x_wconf 88' lang='lat' dir='ltr'>Madv.</span> <span class='ocrx_word' id='word_1_133' title='bbox 2078 1142 2146 1151; x_wconf 90' lang='lat'>-</span> <span class='ocrx_word' id='word_1_134' title='bbox 2183 1111 2247 1166; x_wconf 92' lang='lat' dir='ltr'>P.</span> 
     </span>
     <span class='ocr_line' id='line_1_14' title="bbox 211 1178 2249 1248; baseline 0.001 -14"><span class='ocrx_word' id='word_1_135' title='bbox 211 1187 336 1235; x_wconf 88' lang='grc'><strong>250.</strong></span> <span class='ocrx_word' id='word_1_136' title='bbox 367 1185 438 1234; x_wconf 88' lang='grc'>37</span> <span class='ocrx_word' id='word_1_137' title='bbox 477 1183 658 1234; x_wconf 86' lang='lat' dir='ltr'>autem</span> <span class='ocrx_word' id='word_1_138' title='bbox 694 1178 766 1246; x_wconf 89' lang='lat' dir='ltr'>E,</span> <span class='ocrx_word' id='word_1_139' title='bbox 803 1179 976 1246; x_wconf 64' lang='lat' dir='ltr'>Bait„</span> <span class='ocrx_word' id='word_1_140' title='bbox 1026 1195 1136 1233; x_wconf 91' lang='lat' dir='ltr'>om.</span> <span class='ocrx_word' id='word_1_141' title='bbox 1173 1179 1429 1248; x_wconf 84' lang='lat' dir='ltr'>plerique</span> <span class='ocrx_word' id='word_1_142' title='bbox 1468 1180 1658 1247; x_wconf 67' lang='lat' dir='ltr'>codd„</span> <span class='ocrx_word' id='word_1_143' title='bbox 1704 1181 1889 1234; x_wconf 86' lang='lat' dir='ltr'>Madv.</span> <span class='ocrx_word' id='word_1_144' title='bbox 1928 1210 1997 1220; x_wconf 93' lang='lat'>—-</span> <span class='ocrx_word' id='word_1_145' title='bbox 2033 1181 2095 1235; x_wconf 91' lang='lat' dir='ltr'>P.</span> <span class='ocrx_word' id='word_1_146' title='bbox 2127 1186 2249 1238; x_wconf 90' lang='grc'><strong>251.</strong></span> 
     </span>
     <span class='ocr_line' id='line_1_15' title="bbox 213 1248 2249 1320; baseline 0 -16"><span class='ocrx_word' id='word_1_147' title='bbox 213 1257 246 1304; x_wconf 92' lang='grc'><strong>9</strong></span> <span class='ocrx_word' id='word_1_148' title='bbox 284 1248 501 1318; x_wconf 63' lang='lat' dir='ltr'>generis</span> <span class='ocrx_word' id='word_1_149' title='bbox 535 1249 770 1303; x_wconf 83' lang='lat' dir='ltr'>eiusdem</span> <span class='ocrx_word' id='word_1_150' title='bbox 798 1249 959 1302; x_wconf 89' lang='lat' dir='ltr'>codd.</span> <span class='ocrx_word' id='word_1_151' title='bbox 989 1248 1036 1301; x_wconf 92' lang='lat' dir='ltr'>B</span> <span class='ocrx_word' id='word_1_152' title='bbox 1055 1249 1129 1316; x_wconf 88' lang='lat' dir='ltr'>E,</span> <span class='ocrx_word' id='word_1_153' title='bbox 1167 1248 1385 1318; x_wconf 66' lang='lat' dir='ltr'>Madv„</span> <span class='ocrx_word' id='word_1_154' title='bbox 1422 1251 1658 1304; x_wconf 85' lang='lat' dir='ltr'>eiusdem</span> <span class='ocrx_word' id='word_1_155' title='bbox 1720 1252 1893 1304; x_wconf 87' lang='lat' dir='ltr'>eneris</span> <span class='ocrx_word' id='word_1_156' title='bbox 1922 1251 2033 1305; x_wconf 86' lang='lat' dir='ltr'>det.</span> <span class='ocrx_word' id='word_1_157' title='bbox 2065 1252 2249 1320; x_wconf 67' lang='lat' dir='ltr'>codd„</span> 
     </span>
     <span class='ocr_line' id='line_1_16' title="bbox 212 1316 2249 1388; baseline 0 -14"><span class='ocrx_word' id='word_1_158' title='bbox 212 1319 361 1374; x_wconf 87' lang='lat' dir='ltr'>Bait.</span> <span class='ocrx_word' id='word_1_159' title='bbox 393 1348 462 1358; x_wconf 97' lang='lat'><strong>—</strong></span> <span class='ocrx_word' id='word_1_160' title='bbox 490 1316 551 1371; x_wconf 90' lang='lat' dir='ltr'>P.</span> <span class='ocrx_word' id='word_1_161' title='bbox 582 1324 704 1373; x_wconf 91' lang='grc'><strong>252.</strong></span> <span class='ocrx_word' id='word_1_162' title='bbox 735 1323 767 1372; x_wconf 89' lang='grc'>5</span> <span class='ocrx_word' id='word_1_163' title='bbox 805 1324 880 1372; x_wconf 92' lang='lat' dir='ltr'>ut</span> <span class='ocrx_word' id='word_1_164' title='bbox 913 1319 978 1372; x_wconf 88' lang='lat' dir='ltr'>in</span> <span class='ocrx_word' id='word_1_165' title='bbox 1012 1319 1164 1388; x_wconf 79' lang='lat' dir='ltr'>equis</span> <span class='ocrx_word' id='word_1_166' title='bbox 1201 1335 1331 1372; x_wconf 87' lang='lat' dir='ltr'>cum</span> <span class='ocrx_word' id='word_1_167' title='bbox 1364 1319 1488 1387; x_wconf 84' lang='lat' dir='ltr'>alii,</span> <span class='ocrx_word' id='word_1_168' title='bbox 1525 1321 1647 1373; x_wconf 84' lang='lat' dir='ltr'>tum</span> <span class='ocrx_word' id='word_1_169' title='bbox 1744 1319 1868 1374; x_wconf 84' lang='lat' dir='ltr'>adv.</span> <span class='ocrx_word' id='word_1_170' title='bbox 1908 1322 1969 1374; x_wconf 85' lang='lat' dir='ltr'>et</span> <span class='ocrx_word' id='word_1_171' title='bbox 2002 1321 2148 1375; x_wconf 82' lang='lat' dir='ltr'>Bait.</span> <span class='ocrx_word' id='word_1_172' title='bbox 2181 1352 2249 1361; x_wconf 90' lang='lat'>-</span> 
     </span>
     <span class='ocr_line' id='line_1_17' title="bbox 212 1388 2250 1457; baseline 0 -13"><span class='ocrx_word' id='word_1_173' title='bbox 212 1390 275 1444; x_wconf 94' lang='lat' dir='ltr'>P.</span> <span class='ocrx_word' id='word_1_174' title='bbox 317 1394 441 1444; x_wconf 91' lang='grc'><strong>252.</strong></span> <span class='ocrx_word' id='word_1_175' title='bbox 471 1395 540 1443; x_wconf 94' lang='grc'>32</span> <span class='ocrx_word' id='word_1_176' title='bbox 571 1389 927 1444; x_wconf 74' lang='lat' dir='ltr'>accesserint</span> <span class='ocrx_word' id='word_1_177' title='bbox 961 1390 1115 1443; x_wconf 83' lang='lat' dir='ltr'>recte</span> <span class='ocrx_word' id='word_1_178' title='bbox 1155 1389 1316 1445; x_wconf 90' lang='lat' dir='ltr'>codd.</span> <span class='ocrx_word' id='word_1_179' title='bbox 1348 1391 1409 1444; x_wconf 85' lang='lat' dir='ltr'>et</span> <span class='ocrx_word' id='word_1_180' title='bbox 1434 1388 1611 1454; x_wconf 74' lang='lat' dir='ltr'>editt,</span> <span class='ocrx_word' id='word_1_181' title='bbox 1639 1405 1770 1443; x_wconf 85' lang='lat' dir='ltr'>nam</span> <span class='ocrx_word' id='word_1_182' title='bbox 1798 1392 1885 1444; x_wconf 84' lang='lat' dir='ltr'>est</span> <span class='ocrx_word' id='word_1_183' title='bbox 1918 1391 2021 1444; x_wconf 84' lang='lat' dir='ltr'>fut.</span> <span class='ocrx_word' id='word_1_184' title='bbox 2052 1393 2250 1457; x_wconf 72' lang='lat' dir='ltr'>exact„</span> 
     </span>
     <span class='ocr_line' id='line_1_18' title="bbox 213 1459 2253 1528; baseline 0 -13"><span class='ocrx_word' id='word_1_185' title='bbox 213 1475 399 1528; x_wconf 82' lang='lat' dir='ltr'>coque</span> <span class='ocrx_word' id='word_1_186' title='bbox 428 1478 482 1514; x_wconf 92' lang='lat' dir='ltr'>v.</span> <span class='ocrx_word' id='word_1_187' title='bbox 513 1464 580 1513; x_wconf 95' lang='grc'>35</span> <span class='ocrx_word' id='word_1_188' title='bbox 611 1460 879 1514; x_wconf 83' lang='lat' dir='ltr'>adiuncta</span> <span class='ocrx_word' id='word_1_189' title='bbox 905 1461 1038 1512; x_wconf 85' lang='lat' dir='ltr'>erit</span> <span class='ocrx_word' id='word_1_190' title='bbox 1065 1459 1289 1528; x_wconf 78' lang='lat' dir='ltr'>scripsi,</span> <span class='ocrx_word' id='word_1_191' title='bbox 1330 1459 1491 1514; x_wconf 87' lang='lat' dir='ltr'>codd.</span> <span class='ocrx_word' id='word_1_192' title='bbox 1522 1460 1789 1514; x_wconf 81' lang='lat' dir='ltr'>adiuncta</span> <span class='ocrx_word' id='word_1_193' title='bbox 1822 1461 1940 1526; x_wconf 86' lang='lat' dir='ltr'>sit,</span> <span class='ocrx_word' id='word_1_194' title='bbox 1975 1461 2161 1517; x_wconf 85' lang='lat' dir='ltr'>Madv.</span> <span class='ocrx_word' id='word_1_195' title='bbox 2194 1464 2253 1516; x_wconf 86' lang='lat' dir='ltr'>et</span> 
     </span>
     <span class='ocr_line' id='line_1_19' title="bbox 212 1528 2251 1586; baseline 0 -2"><span class='ocrx_word' id='word_1_196' title='bbox 212 1531 365 1585; x_wconf 87' lang='lat' dir='ltr'>Bait.</span> <span class='ocrx_word' id='word_1_197' title='bbox 395 1530 509 1584; x_wconf 80' lang='lat' dir='ltr'>adi.</span> <span class='ocrx_word' id='word_1_198' title='bbox 540 1535 652 1584; x_wconf 90' lang='lat' dir='ltr'>est.</span> <span class='ocrx_word' id='word_1_199' title='bbox 708 1529 810 1582; x_wconf 83' lang='lat' dir='ltr'>Ille</span> <span class='ocrx_word' id='word_1_200' title='bbox 838 1528 898 1582; x_wconf 85' lang='lat' dir='ltr'>in</span> <span class='ocrx_word' id='word_1_201' title='bbox 925 1529 1012 1583; x_wconf 83' lang='lat' dir='ltr'>cd.</span> <span class='ocrx_word' id='word_1_202' title='bbox 1041 1529 1122 1582; x_wconf 93' lang='lat' dir='ltr'>III</span> <span class='ocrx_word' id='word_1_203' title='bbox 1161 1529 1333 1583; x_wconf 85' lang='lat' dir='ltr'>ctiam</span> <span class='ocrx_word' id='word_1_204' title='bbox 1360 1535 1735 1584; x_wconf 88' lang='lat' dir='ltr'>accesserunt</span> <span class='ocrx_word' id='word_1_205' title='bbox 1770 1530 1887 1584; x_wconf 82' lang='lat' dir='ltr'>sine</span> <span class='ocrx_word' id='word_1_206' title='bbox 1917 1531 2087 1586; x_wconf 88' lang='lat' dir='ltr'>dubio</span> <span class='ocrx_word' id='word_1_207' title='bbox 2118 1531 2251 1585; x_wconf 86' lang='lat' dir='ltr'>scri-</span> 
     </span>
     <span class='ocr_line' id='line_1_20' title="bbox 215 1599 2253 1672; baseline 0 -17"><span class='ocrx_word' id='word_1_208' title='bbox 215 1601 468 1655; x_wconf 83' lang='lat' dir='ltr'>bendum</span> <span class='ocrx_word' id='word_1_209' title='bbox 495 1601 703 1654; x_wconf 82' lang='lat' dir='ltr'>censet.</span> <span class='ocrx_word' id='word_1_210' title='bbox 723 1629 794 1640; x_wconf 90' lang='lat'>—-</span> <span class='ocrx_word' id='word_1_211' title='bbox 812 1599 874 1654; x_wconf 93' lang='lat' dir='ltr'>P.</span> <span class='ocrx_word' id='word_1_212' title='bbox 897 1604 1020 1653; x_wconf 90' lang='grc'><strong>253.</strong></span> <span class='ocrx_word' id='word_1_213' title='bbox 1043 1604 1074 1653; x_wconf 98' lang='grc'><strong>7</strong></span> <span class='ocrx_word' id='word_1_214' title='bbox 1095 1599 1191 1654; x_wconf 80' lang='lat' dir='ltr'>Sic</span> <span class='ocrx_word' id='word_1_215' title='bbox 1216 1601 1401 1655; x_wconf 79' lang='lat' dir='ltr'>extitit</span> <span class='ocrx_word' id='word_1_216' title='bbox 1425 1599 1632 1665; x_wconf 69' lang='lat' dir='ltr'>Madv„</span> <span class='ocrx_word' id='word_1_217' title='bbox 1660 1599 1805 1655; x_wconf 86' lang='lat' dir='ltr'>Bait.</span> <span class='ocrx_word' id='word_1_218' title='bbox 1828 1600 1914 1655; x_wconf 87' lang='lat' dir='ltr'>ed.</span> <span class='ocrx_word' id='word_1_219' title='bbox 1936 1601 2054 1669; x_wconf 89' lang='lat' dir='ltr'>alt.,</span> <span class='ocrx_word' id='word_1_220' title='bbox 2072 1603 2253 1672; x_wconf 75' lang='lat' dir='ltr'>sicque</span> 
     </span>
     <span class='ocr_line' id='line_1_21' title="bbox 213 1669 2253 1740; baseline 0 -15"><span class='ocrx_word' id='word_1_221' title='bbox 213 1673 319 1725; x_wconf 84' lang='lat' dir='ltr'>aut</span> <span class='ocrx_word' id='word_1_222' title='bbox 343 1672 521 1740; x_wconf 73' lang='lat' dir='ltr'>sitque</span> <span class='ocrx_word' id='word_1_223' title='bbox 547 1672 647 1725; x_wconf 87' lang='lat' dir='ltr'>aut</span> <span class='ocrx_word' id='word_1_224' title='bbox 672 1671 752 1725; x_wconf 87' lang='lat' dir='ltr'>sic</span> <span class='ocrx_word' id='word_1_225' title='bbox 777 1675 830 1724; x_wconf 88' lang='lat' dir='ltr'>et</span> <span class='ocrx_word' id='word_1_226' title='bbox 857 1669 1036 1737; x_wconf 65' lang='lat' dir='ltr'>codd„</span> <span class='ocrx_word' id='word_1_227' title='bbox 1065 1674 1103 1737; x_wconf 89' lang='lat'>†</span> <span class='ocrx_word' id='word_1_228' title='bbox 1131 1669 1328 1739; x_wconf 77' lang='lat' dir='ltr'>Sicque</span> <span class='ocrx_word' id='word_1_229' title='bbox 1354 1669 1499 1724; x_wconf 85' lang='lat' dir='ltr'>Bait.</span> <span class='ocrx_word' id='word_1_230' title='bbox 1531 1670 1618 1725; x_wconf 83' lang='lat' dir='ltr'>ed.</span> <span class='ocrx_word' id='word_1_231' title='bbox 1637 1688 1720 1739; x_wconf 89' lang='lat' dir='ltr'>pr.</span> <span class='ocrx_word' id='word_1_232' title='bbox 1752 1699 1820 1710; x_wconf 89' lang='lat'><em>—</em></span> <span class='ocrx_word' id='word_1_233' title='bbox 1847 1670 1908 1724; x_wconf 94' lang='lat' dir='ltr'>P.</span> <span class='ocrx_word' id='word_1_234' title='bbox 1937 1676 2059 1726; x_wconf 92' lang='grc'><strong>254.</strong></span> <span class='ocrx_word' id='word_1_235' title='bbox 2091 1677 2124 1726; x_wconf 90' lang='grc'><strong>9</strong></span> <span class='ocrx_word' id='word_1_236' title='bbox 2150 1689 2253 1740; x_wconf 78' lang='lat' dir='ltr'>que</span> 
     </span>
     <span class='ocr_line' id='line_1_22' title="bbox 216 1739 2253 1811; baseline 0 -15"><span class='ocrx_word' id='word_1_237' title='bbox 216 1759 328 1796; x_wconf 90' lang='lat' dir='ltr'>om.</span> <span class='ocrx_word' id='word_1_238' title='bbox 369 1741 532 1794; x_wconf 90' lang='lat' dir='ltr'>codd.</span> <span class='ocrx_word' id='word_1_239' title='bbox 569 1742 682 1809; x_wconf 90' lang='lat' dir='ltr'>opt.</span> <span class='ocrx_word' id='word_1_240' title='bbox 711 1741 777 1794; x_wconf 86' lang='lat' dir='ltr'>ut</span> <span class='ocrx_word' id='word_1_241' title='bbox 811 1739 1048 1810; x_wconf 83' lang='lat' dir='ltr'>saepius,</span> <span class='ocrx_word' id='word_1_242' title='bbox 1083 1741 1220 1796; x_wconf 82' lang='lat' dir='ltr'>victi</span> <span class='ocrx_word' id='word_1_243' title='bbox 1252 1740 1685 1811; x_wconf 77' lang='lat' dir='ltr'>[debilitantur]</span> <span class='ocrx_word' id='word_1_244' title='bbox 1716 1741 1929 1795; x_wconf 88' lang='lat' dir='ltr'>animos</span> <span class='ocrx_word' id='word_1_245' title='bbox 1963 1743 2253 1796; x_wconf 82' lang='lat' dir='ltr'>demittunt</span> 
     </span>
     <span class='ocr_line' id='line_1_23' title="bbox 213 1810 2250 1880; baseline 0.001 -16"><span class='ocrx_word' id='word_1_246' title='bbox 213 1811 363 1866; x_wconf 84' lang='lat' dir='ltr'>Bait.</span> <span class='ocrx_word' id='word_1_247' title='bbox 415 1811 499 1865; x_wconf 82' lang='lat' dir='ltr'>ed.</span> <span class='ocrx_word' id='word_1_248' title='bbox 549 1811 797 1866; x_wconf 85' lang='lat' dir='ltr'>Tauchn.</span> <span class='ocrx_word' id='word_1_249' title='bbox 845 1841 918 1851; x_wconf 89' lang='lat'>—</span> <span class='ocrx_word' id='word_1_250' title='bbox 959 1810 1021 1865; x_wconf 93' lang='lat' dir='ltr'>P.</span> <span class='ocrx_word' id='word_1_251' title='bbox 1061 1815 1182 1865; x_wconf 87' lang='grc'><strong>254.</strong></span> <span class='ocrx_word' id='word_1_252' title='bbox 1223 1815 1292 1865; x_wconf 89' lang='grc'>30</span> <span class='ocrx_word' id='word_1_253' title='bbox 1328 1811 1505 1880; x_wconf 73' lang='lat' dir='ltr'>iqitur</span> <span class='ocrx_word' id='word_1_254' title='bbox 1540 1816 1617 1866; x_wconf 86' lang='lat' dir='ltr'>est</span> <span class='ocrx_word' id='word_1_255' title='bbox 1661 1810 1823 1865; x_wconf 88' lang='lat' dir='ltr'>codd.</span> <span class='ocrx_word' id='word_1_256' title='bbox 1861 1811 1997 1880; x_wconf 85' lang='lat' dir='ltr'>BE,</span> <span class='ocrx_word' id='word_1_257' title='bbox 2043 1811 2250 1880; x_wconf 66' lang='lat' dir='ltr'>Madv„</span> 
     </span>
     <span class='ocr_line' id='line_1_24' title="bbox 213 1879 2251 1951; baseline 0 -15"><span class='ocrx_word' id='word_1_258' title='bbox 213 1887 295 1937; x_wconf 89' lang='lat' dir='ltr'>est</span> <span class='ocrx_word' id='word_1_259' title='bbox 330 1882 510 1951; x_wconf 62' lang='lat' dir='ltr'>igitur</span> <span class='ocrx_word' id='word_1_260' title='bbox 545 1881 690 1935; x_wconf 88' lang='lat' dir='ltr'>Bait.</span> <span class='ocrx_word' id='word_1_261' title='bbox 728 1911 796 1921; x_wconf 94' lang='lat'>—</span> <span class='ocrx_word' id='word_1_262' title='bbox 833 1880 894 1935; x_wconf 94' lang='lat' dir='ltr'>P.</span> <span class='ocrx_word' id='word_1_263' title='bbox 922 1886 1045 1936; x_wconf 88' lang='grc'><strong>254.</strong></span> <span class='ocrx_word' id='word_1_264' title='bbox 1076 1887 1145 1935; x_wconf 93' lang='grc'>37</span> <span class='ocrx_word' id='word_1_265' title='bbox 1183 1881 1344 1936; x_wconf 87' lang='lat' dir='ltr'>rebus</span> <span class='ocrx_word' id='word_1_266' title='bbox 1381 1897 1488 1936; x_wconf 90' lang='lat' dir='ltr'>om.</span> <span class='ocrx_word' id='word_1_267' title='bbox 1526 1879 1671 1935; x_wconf 88' lang='lat' dir='ltr'>Bait.</span> <span class='ocrx_word' id='word_1_268' title='bbox 1743 1879 1967 1936; x_wconf 86' lang='lat' dir='ltr'>Bremio</span> <span class='ocrx_word' id='word_1_269' title='bbox 2005 1883 2251 1951; x_wconf 83' lang='lat' dir='ltr'>auctore,</span> 
     </span>
     <span class='ocr_line' id='line_1_25' title="bbox 217 1949 2252 2022; baseline 0 -16"><span class='ocrx_word' id='word_1_270' title='bbox 217 1952 352 2007; x_wconf 87' lang='lat' dir='ltr'>incl.</span> <span class='ocrx_word' id='word_1_271' title='bbox 391 1951 610 2018; x_wconf 86' lang='lat' dir='ltr'>Madv.;</span> <span class='ocrx_word' id='word_1_272' title='bbox 651 1952 814 2005; x_wconf 79' lang='lat' dir='ltr'>‘nam</span> <span class='ocrx_word' id='word_1_273' title='bbox 849 1967 955 2006; x_wconf 87' lang='lat' dir='ltr'>res</span> <span class='ocrx_word' id='word_1_274' title='bbox 990 1967 1084 2006; x_wconf 88' lang='lat' dir='ltr'>eae</span> <span class='ocrx_word' id='word_1_275' title='bbox 1117 1950 1371 2020; x_wconf 83' lang='lat' dir='ltr'>inepte’,</span> <span class='ocrx_word' id='word_1_276' title='bbox 1407 1950 1619 2020; x_wconf 87' lang='lat' dir='ltr'>inquit,</span> <span class='ocrx_word' id='word_1_277' title='bbox 1659 1949 1911 2006; x_wconf 83' lang='lat' dir='ltr'>‘animus</span> <span class='ocrx_word' id='word_1_278' title='bbox 1948 1953 2008 2006; x_wconf 86' lang='lat' dir='ltr'>et</span> <span class='ocrx_word' id='word_1_279' title='bbox 2035 1969 2252 2022; x_wconf 88' lang='lat' dir='ltr'>corpus,</span> 
     </span>
     <span class='ocr_line' id='line_1_26' title="bbox 215 2021 2253 2091; baseline 0 -15"><span class='ocrx_word' id='word_1_280' title='bbox 215 2037 364 2091; x_wconf 86' lang='lat' dir='ltr'>quae</span> <span class='ocrx_word' id='word_1_281' title='bbox 421 2021 618 2090; x_wconf 80' lang='lat' dir='ltr'>paucis</span> <span class='ocrx_word' id='word_1_282' title='bbox 655 2021 841 2076; x_wconf 84' lang='lat' dir='ltr'>verbis</span> <span class='ocrx_word' id='word_1_283' title='bbox 897 2022 1028 2076; x_wconf 82' lang='lat' dir='ltr'>ante</span> <span class='ocrx_word' id='word_1_284' title='bbox 1081 2021 1375 2076; x_wconf 84' lang='lat' dir='ltr'>nominata</span> <span class='ocrx_word' id='word_1_285' title='bbox 1428 2023 1584 2087; x_wconf 85' lang='lat' dir='ltr'>sunt,</span> <span class='ocrx_word' id='word_1_286' title='bbox 1640 2021 2050 2091; x_wconf 81' lang='lat' dir='ltr'>appellantur&#39;.</span> <span class='ocrx_word' id='word_1_287' title='bbox 2124 2023 2253 2078; x_wconf 85' lang='lat' dir='ltr'>Non</span> 
     </span>
     <span class='ocr_line' id='line_1_27' title="bbox 214 2091 2254 2161; baseline 0 -15"><span class='ocrx_word' id='word_1_288' title='bbox 214 2091 466 2161; x_wconf 86' lang='lat' dir='ltr'>ineptius</span> <span class='ocrx_word' id='word_1_289' title='bbox 511 2091 768 2161; x_wconf 85' lang='lat' dir='ltr'>profecto</span> <span class='ocrx_word' id='word_1_290' title='bbox 817 2108 984 2159; x_wconf 87' lang='lat' dir='ltr'>quam</span> <span class='ocrx_word' id='word_1_291' title='bbox 1029 2109 1086 2160; x_wconf 91' lang='lat' dir='ltr'>p.</span> <span class='ocrx_word' id='word_1_292' title='bbox 1127 2097 1248 2146; x_wconf 86' lang='grc'><strong>256.</strong></span> <span class='ocrx_word' id='word_1_293' title='bbox 1288 2097 1358 2146; x_wconf 88' lang='grc'>25</span> <span class='ocrx_word' id='word_1_294' title='bbox 1396 2108 1477 2160; x_wconf 89' lang='lat' dir='ltr'>sq.</span> <span class='ocrx_word' id='word_1_295' title='bbox 1529 2091 1745 2146; x_wconf 86' lang='lat' dir='ltr'>Tantus</span> <span class='ocrx_word' id='word_1_296' title='bbox 1790 2098 1867 2146; x_wconf 87' lang='lat' dir='ltr'>est</span> <span class='ocrx_word' id='word_1_297' title='bbox 1908 2094 2141 2148; x_wconf 85' lang='lat' dir='ltr'>innatus</span> <span class='ocrx_word' id='word_1_298' title='bbox 2189 2095 2254 2147; x_wconf 91' lang='lat' dir='ltr'>in</span> 
     </span>
     <span class='ocr_line' id='line_1_28' title="bbox 214 2163 2251 2232; baseline -0.001 -14"><span class='ocrx_word' id='word_1_299' title='bbox 214 2164 378 2218; x_wconf 87' lang='lat' dir='ltr'>nobis</span> <span class='ocrx_word' id='word_1_300' title='bbox 413 2163 829 2232; x_wconf 65' lang='lat' dir='ltr'>cognitionis</span> <span class='ocrx_word' id='word_1_301' title='bbox 857 2178 1009 2216; x_wconf 85' lang='lat' dir='ltr'>amor</span> <span class='ocrx_word' id='word_1_302' title='bbox 1038 2166 1089 2216; x_wconf 92' lang='lat' dir='ltr'>et</span> <span class='ocrx_word' id='word_1_303' title='bbox 1114 2163 1469 2228; x_wconf 84' lang='lat' dir='ltr'>scientiae,</span> <span class='ocrx_word' id='word_1_304' title='bbox 1504 2167 1570 2217; x_wconf 89' lang='lat' dir='ltr'>ut</span> <span class='ocrx_word' id='word_1_305' title='bbox 1593 2177 1747 2217; x_wconf 77' lang='lat' dir='ltr'>nemo</span> <span class='ocrx_word' id='word_1_306' title='bbox 1774 2163 2029 2218; x_wconf 82' lang='lat' dir='ltr'>dubitare</span> <span class='ocrx_word' id='word_1_307' title='bbox 2054 2165 2251 2232; x_wconf 78' lang='lat' dir='ltr'>possit,</span> 
     </span>
     <span class='ocr_line' id='line_1_29' title="bbox 216 2233 2250 2303; baseline -0 -15"><span class='ocrx_word' id='word_1_308' title='bbox 216 2235 360 2303; x_wconf 77' lang='lat' dir='ltr'>quin</span> <span class='ocrx_word' id='word_1_309' title='bbox 403 2233 480 2287; x_wconf 79' lang='lat' dir='ltr'>ad</span> <span class='ocrx_word' id='word_1_310' title='bbox 524 2248 634 2287; x_wconf 88' lang='lat' dir='ltr'>eas</span> <span class='ocrx_word' id='word_1_311' title='bbox 677 2249 781 2288; x_wconf 90' lang='lat' dir='ltr'>res</span> <span class='ocrx_word' id='word_1_312' title='bbox 825 2233 1104 2287; x_wconf 79' lang='lat' dir='ltr'>hominum</span> <span class='ocrx_word' id='word_1_313' title='bbox 1147 2238 1356 2287; x_wconf 87' lang='lat' dir='ltr'>natura</span> <span class='ocrx_word' id='word_1_314' title='bbox 1392 2262 1463 2274; x_wconf 92' lang='lat'>-—</span> <span class='ocrx_word' id='word_1_315' title='bbox 1496 2234 1761 2301; x_wconf 79' lang='lat' dir='ltr'>rapiatur</span> <span class='ocrx_word' id='word_1_316' title='bbox 1810 2234 1912 2287; x_wconf 87' lang='lat' dir='ltr'>aut</span> <span class='ocrx_word' id='word_1_317' title='bbox 1944 2251 2001 2302; x_wconf 98' lang='lat' dir='ltr'>p.</span> <span class='ocrx_word' id='word_1_318' title='bbox 2032 2239 2152 2287; x_wconf 92' lang='grc'><strong>212.</strong></span> <span class='ocrx_word' id='word_1_319' title='bbox 2182 2239 2250 2287; x_wconf 87' lang='grc'>23</span> 
     </span>
     <span class='ocr_line' id='line_1_30' title="bbox 217 2301 2253 2372; baseline 0.001 -16"><span class='ocrx_word' id='word_1_320' title='bbox 217 2320 341 2372; x_wconf 84' lang='lat' dir='ltr'>sqq.</span> <span class='ocrx_word' id='word_1_321' title='bbox 372 2301 719 2372; x_wconf 76' lang='lat' dir='ltr'>Chrysippus</span> <span class='ocrx_word' id='word_1_322' title='bbox 746 2304 828 2358; x_wconf 91' lang='lat' dir='ltr'>ait</span> <span class='ocrx_word' id='word_1_323' title='bbox 856 2304 1002 2358; x_wconf 83' lang='lat' dir='ltr'>alias</span> <span class='ocrx_word' id='word_1_324' title='bbox 1027 2318 1216 2358; x_wconf 87' lang='lat' dir='ltr'>earum</span> <span class='ocrx_word' id='word_1_325' title='bbox 1243 2302 1655 2371; x_wconf 88' lang='lat' dir='ltr'>(animantium)</span> <span class='ocrx_word' id='word_1_326' title='bbox 1684 2319 1959 2372; x_wconf 87' lang='lat' dir='ltr'>corpore</span> <span class='ocrx_word' id='word_1_327' title='bbox 1986 2305 2253 2369; x_wconf 78' lang='lat' dir='ltr'>excellere,</span> 
     </span>
     <span class='ocr_line' id='line_1_31' title="bbox 217 2374 2252 2442; baseline 0 -14"><span class='ocrx_word' id='word_1_328' title='bbox 217 2375 367 2428; x_wconf 82' lang='lat' dir='ltr'>alias</span> <span class='ocrx_word' id='word_1_329' title='bbox 405 2377 585 2428; x_wconf 85' lang='lat' dir='ltr'>autem</span> <span class='ocrx_word' id='word_1_330' title='bbox 620 2375 866 2438; x_wconf 79' lang='lat' dir='ltr'>anime,</span> <span class='ocrx_word' id='word_1_331' title='bbox 903 2389 1018 2428; x_wconf 87' lang='lat' dir='ltr'>non</span> <span class='ocrx_word' id='word_1_332' title='bbox 1052 2374 1239 2428; x_wconf 85' lang='lat' dir='ltr'>nullas</span> <span class='ocrx_word' id='word_1_333' title='bbox 1273 2375 1453 2428; x_wconf 82' lang='lat' dir='ltr'>valere</span> <span class='ocrx_word' id='word_1_334' title='bbox 1486 2378 1777 2442; x_wconf 79' lang='lat' dir='ltr'>utraque</span> <span class='ocrx_word' id='word_1_335' title='bbox 1810 2390 1879 2428; x_wconf 89' lang='lat' dir='ltr'>re</span> <span class='ocrx_word' id='word_1_336' title='bbox 1914 2375 2014 2427; x_wconf 89' lang='lat' dir='ltr'>aut</span> <span class='ocrx_word' id='word_1_337' title='bbox 2047 2391 2102 2442; x_wconf 90' lang='lat' dir='ltr'>p.</span> <span class='ocrx_word' id='word_1_338' title='bbox 2132 2379 2252 2428; x_wconf 87' lang='grc'><strong>303.</strong></span> 
     </span>
     <span class='ocr_line' id='line_1_32' title="bbox 218 2444 2253 2508; baseline -0 -10"><span class='ocrx_word' id='word_1_339' title='bbox 218 2449 288 2498; x_wconf 90' lang='grc'>23</span> <span class='ocrx_word' id='word_1_340' title='bbox 317 2448 384 2498; x_wconf 87' lang='lat' dir='ltr'>ut</span> <span class='ocrx_word' id='word_1_341' title='bbox 417 2444 522 2498; x_wconf 83' lang='lat' dir='ltr'>illa</span> <span class='ocrx_word' id='word_1_342' title='bbox 562 2449 770 2498; x_wconf 84' lang='lat' dir='ltr'>natura</span> <span class='ocrx_word' id='word_1_343' title='bbox 805 2445 1047 2499; x_wconf 84' lang='lat' dir='ltr'>caelestis</span> <span class='ocrx_word' id='word_1_344' title='bbox 1083 2448 1134 2498; x_wconf 89' lang='lat' dir='ltr'>et</span> <span class='ocrx_word' id='word_1_345' title='bbox 1169 2449 1355 2499; x_wconf 89' lang='lat' dir='ltr'>terra</span> <span class='ocrx_word' id='word_1_346' title='bbox 1379 2449 1543 2499; x_wconf 78' lang='lat' dir='ltr'>vacat</span> <span class='ocrx_word' id='word_1_347' title='bbox 1576 2449 1627 2498; x_wconf 91' lang='lat' dir='ltr'>et</span> <span class='ocrx_word' id='word_1_348' title='bbox 1660 2459 1905 2508; x_wconf 88' lang='lat' dir='ltr'>umore,</span> <span class='ocrx_word' id='word_1_349' title='bbox 1940 2445 2021 2498; x_wconf 88' lang='lat' dir='ltr'>sic</span> <span class='ocrx_word' id='word_1_350' title='bbox 2046 2445 2253 2498; x_wconf 89' lang='lat' dir='ltr'>utrius-</span> 
     </span>
     <span class='ocr_line' id='line_1_33' title="bbox 215 2514 2250 2583; baseline -0.001 -15"><span class='ocrx_word' id='word_1_351' title='bbox 215 2531 320 2583; x_wconf 76' lang='lat' dir='ltr'>que</span> <span class='ocrx_word' id='word_1_352' title='bbox 355 2514 594 2569; x_wconf 72' lang='lat' dir='ltr'>harum</span> <span class='ocrx_word' id='word_1_353' title='bbox 627 2530 846 2569; x_wconf 88' lang='lat' dir='ltr'>rerum</span> <span class='ocrx_word' id='word_1_354' title='bbox 880 2515 1153 2568; x_wconf 80' lang='lat' dir='ltr'>humanus</span> <span class='ocrx_word' id='word_1_355' title='bbox 1189 2516 1410 2568; x_wconf 85' lang='lat' dir='ltr'>animus</span> <span class='ocrx_word' id='word_1_356' title='bbox 1445 2519 1524 2568; x_wconf 89' lang='lat' dir='ltr'>est</span> <span class='ocrx_word' id='word_1_357' title='bbox 1567 2529 1757 2582; x_wconf 77' lang='lat' dir='ltr'>expers</span> <span class='ocrx_word' id='word_1_358' title='bbox 1802 2515 1900 2566; x_wconf 86' lang='lat' dir='ltr'>aut</span> <span class='ocrx_word' id='word_1_359' title='bbox 1936 2531 1988 2582; x_wconf 92' lang='lat' dir='ltr'>p.</span> <span class='ocrx_word' id='word_1_360' title='bbox 2032 2519 2154 2569; x_wconf 87' lang='grc'><strong>332.</strong></span> <span class='ocrx_word' id='word_1_361' title='bbox 2186 2519 2250 2567; x_wconf 89' lang='grc'>11</span> 
     </span>
     <span class='ocr_line' id='line_1_34' title="bbox 217 2584 2255 2653; baseline -0.001 -15"><span class='ocrx_word' id='word_1_362' title='bbox 217 2589 456 2653; x_wconf 74' lang='lat' dir='ltr'>utraque</span> <span class='ocrx_word' id='word_1_363' title='bbox 491 2599 602 2650; x_wconf 89' lang='lat' dir='ltr'>res,</span> <span class='ocrx_word' id='word_1_364' title='bbox 641 2599 778 2653; x_wconf 86' lang='lat' dir='ltr'>ager</span> <span class='ocrx_word' id='word_1_365' title='bbox 815 2585 874 2638; x_wconf 85' lang='lat' dir='ltr'>et</span> <span class='ocrx_word' id='word_1_366' title='bbox 910 2584 1155 2652; x_wconf 85' lang='lat' dir='ltr'>animus,</span> <span class='ocrx_word' id='word_1_367' title='bbox 1191 2585 1262 2639; x_wconf 85' lang='lat' dir='ltr'>N.</span> <span class='ocrx_word' id='word_1_368' title='bbox 1291 2585 1359 2638; x_wconf 92' lang='lat' dir='ltr'>D.</span> <span class='ocrx_word' id='word_1_369' title='bbox 1398 2584 1454 2637; x_wconf 93' lang='lat' dir='ltr'>II</span> <span class='ocrx_word' id='word_1_370' title='bbox 1482 2588 1567 2638; x_wconf 87' lang='grc'>59.</span> <span class='ocrx_word' id='word_1_371' title='bbox 1603 2590 1702 2638; x_wconf 84' lang='grc'>147</span> <span class='ocrx_word' id='word_1_372' title='bbox 1742 2584 2036 2638; x_wconf 86' lang='lat' dir='ltr'>animum</span> <span class='ocrx_word' id='word_1_373' title='bbox 2070 2585 2255 2651; x_wconf 87' lang='lat' dir='ltr'>ipsum</span> 
     </span>
     <span class='ocr_line' id='line_1_35' title="bbox 217 2653 2256 2723; baseline -0.001 -14"><span class='ocrx_word' id='word_1_374' title='bbox 217 2659 602 2723; x_wconf 77' lang='lat' dir='ltr'>mentemque</span> <span class='ocrx_word' id='word_1_375' title='bbox 644 2655 907 2721; x_wconf 80' lang='lat' dir='ltr'>hominis,</span> <span class='ocrx_word' id='word_1_376' title='bbox 961 2656 1320 2721; x_wconf 86' lang='lat' dir='ltr'>rationem,</span> <span class='ocrx_word' id='word_1_377' title='bbox 1375 2655 1759 2719; x_wconf 87' lang='lat' dir='ltr'>consilium,</span> <span class='ocrx_word' id='word_1_378' title='bbox 1807 2653 2256 2721; x_wconf 84' lang='lat' dir='ltr'>prudentiam</span> 
     </span>
     <span class='ocr_line' id='line_1_36' title="bbox 217 2724 2257 2794; baseline 0 -16"><span class='ocrx_word' id='word_1_379' title='bbox 217 2726 319 2794; x_wconf 75' lang='lat' dir='ltr'>qui</span> <span class='ocrx_word' id='word_1_380' title='bbox 355 2739 471 2779; x_wconf 83' lang='lat' dir='ltr'>non</span> <span class='ocrx_word' id='word_1_381' title='bbox 506 2725 702 2779; x_wconf 81' lang='lat' dir='ltr'>divina</span> <span class='ocrx_word' id='word_1_382' title='bbox 729 2741 867 2779; x_wconf 89' lang='lat' dir='ltr'>cura</span> <span class='ocrx_word' id='word_1_383' title='bbox 883 2726 1133 2794; x_wconf 82' lang='lat' dir='ltr'>perfecta</span> <span class='ocrx_word' id='word_1_384' title='bbox 1158 2740 1266 2780; x_wconf 87' lang='lat' dir='ltr'>esse</span> <span class='ocrx_word' id='word_1_385' title='bbox 1297 2725 1589 2792; x_wconf 83' lang='lat' dir='ltr'>perspicit,</span> <span class='ocrx_word' id='word_1_386' title='bbox 1624 2725 1675 2778; x_wconf 84' lang='lat' dir='ltr'>is</span> <span class='ocrx_word' id='word_1_387' title='bbox 1709 2724 1813 2777; x_wconf 77' lang='lat' dir='ltr'>his</span> <span class='ocrx_word' id='word_1_388' title='bbox 1846 2724 2021 2791; x_wconf 88' lang='lat' dir='ltr'>ipsis</span> <span class='ocrx_word' id='word_1_389' title='bbox 2056 2724 2257 2778; x_wconf 85' lang='lat' dir='ltr'>rebus</span> 
     </span>
     <span class='ocr_line' id='line_1_37' title="bbox 219 2791 2253 2863; baseline 0 -15"><span class='ocrx_word' id='word_1_390' title='bbox 219 2795 361 2850; x_wconf 74' lang='lat' dir='ltr'>milti</span> <span class='ocrx_word' id='word_1_391' title='bbox 403 2795 621 2850; x_wconf 79' lang='lat' dir='ltr'>videtwr</span> <span class='ocrx_word' id='word_1_392' title='bbox 664 2811 848 2850; x_wconf 85' lang='lat' dir='ltr'>carere</span> <span class='ocrx_word' id='word_1_393' title='bbox 891 2795 1194 2863; x_wconf 85' lang='lat' dir='ltr'>multisque</span> <span class='ocrx_word' id='word_1_394' title='bbox 1242 2793 1370 2849; x_wconf 84' lang='lat' dir='ltr'>aliis</span> <span class='ocrx_word' id='word_1_395' title='bbox 1414 2793 1582 2861; x_wconf 82' lang='lat' dir='ltr'>locis;</span> <span class='ocrx_word' id='word_1_396' title='bbox 1628 2793 1741 2850; x_wconf 87' lang='lat' dir='ltr'>vid.</span> <span class='ocrx_word' id='word_1_397' title='bbox 1791 2791 1955 2862; x_wconf 79' lang='lat' dir='ltr'>Seyff.</span> <span class='ocrx_word' id='word_1_398' title='bbox 2003 2791 2158 2848; x_wconf 86' lang='lat' dir='ltr'>Lael.</span> <span class='ocrx_word' id='word_1_399' title='bbox 2196 2812 2253 2863; x_wconf 91' lang='lat' dir='ltr'>p.</span> 
     </span>
     <span class='ocr_line' id='line_1_38' title="bbox 223 2863 2259 2934; baseline -0 -15"><span class='ocrx_word' id='word_1_400' title='bbox 223 2871 329 2919; x_wconf 81' lang='lat'>194</span> <span class='ocrx_word' id='word_1_401' title='bbox 365 2882 468 2934; x_wconf 87' lang='lat' dir='ltr'>sq.‚</span> <span class='ocrx_word' id='word_1_402' title='bbox 504 2881 675 2933; x_wconf 84' lang='lat' dir='ltr'>supra</span> <span class='ocrx_word' id='word_1_403' title='bbox 709 2865 784 2920; x_wconf 91' lang='lat' dir='ltr'>ad</span> <span class='ocrx_word' id='word_1_404' title='bbox 809 2883 866 2934; x_wconf 91' lang='lat' dir='ltr'>p.</span> <span class='ocrx_word' id='word_1_405' title='bbox 895 2871 945 2920; x_wconf 81' lang='lat'>4.</span> <span class='ocrx_word' id='word_1_406' title='bbox 975 2871 1060 2922; x_wconf 90' lang='grc'>35.</span> <span class='ocrx_word' id='word_1_407' title='bbox 1093 2895 1160 2906; x_wconf 91' lang='lat'>—</span> <span class='ocrx_word' id='word_1_408' title='bbox 1188 2864 1250 2919; x_wconf 92' lang='lat' dir='ltr'>P.</span> <span class='ocrx_word' id='word_1_409' title='bbox 1281 2870 1403 2919; x_wconf 92' lang='grc'><strong>257.</strong></span> <span class='ocrx_word' id='word_1_410' title='bbox 1432 2870 1465 2918; x_wconf 88' lang='grc'>3</span> <span class='ocrx_word' id='word_1_411' title='bbox 1494 2865 1721 2932; x_wconf 72' lang='lat' dir='ltr'>finxerit</span> <span class='ocrx_word' id='word_1_412' title='bbox 1748 2863 1911 2918; x_wconf 91' lang='lat' dir='ltr'>codd.</span> <span class='ocrx_word' id='word_1_413' title='bbox 1943 2865 2259 2932; x_wconf 69' lang='lat' dir='ltr'>(finxerint</span> 
     </span>
     <span class='ocr_line' id='line_1_39' title="bbox 218 2933 2256 3004; baseline 0 -15"><span class='ocrx_word' id='word_1_414' title='bbox 218 2935 265 2989; x_wconf 94' lang='lat' dir='ltr'>B</span> <span class='ocrx_word' id='word_1_415' title='bbox 303 2937 366 2990; x_wconf 85' lang='lat' dir='ltr'>ct</span> <span class='ocrx_word' id='word_1_416' title='bbox 399 2935 497 3004; x_wconf 86' lang='lat' dir='ltr'>E),</span> <span class='ocrx_word' id='word_1_417' title='bbox 544 2934 761 3004; x_wconf 87' lang='lat' dir='ltr'>Madv.,</span> <span class='ocrx_word' id='word_1_418' title='bbox 804 2937 974 3003; x_wconf 71' lang='lat' dir='ltr'>finxit</span> <span class='ocrx_word' id='word_1_419' title='bbox 1017 2935 1162 2990; x_wconf 87' lang='lat' dir='ltr'>Bait.</span> <span class='ocrx_word' id='word_1_420' title='bbox 1237 2933 1367 2990; x_wconf 87' lang='lat' dir='ltr'>Vid.</span> <span class='ocrx_word' id='word_1_421' title='bbox 1414 2934 1490 2989; x_wconf 87' lang='lat' dir='ltr'>ad</span> <span class='ocrx_word' id='word_1_422' title='bbox 1533 2952 1589 3003; x_wconf 91' lang='lat' dir='ltr'>p.</span> <span class='ocrx_word' id='word_1_423' title='bbox 1621 2941 1671 2990; x_wconf 94' lang='grc'><strong>7.</strong></span> <span class='ocrx_word' id='word_1_424' title='bbox 1703 2940 1787 2992; x_wconf 85' lang='grc'>13.</span> <span class='ocrx_word' id='word_1_425' title='bbox 1828 2965 1895 2974; x_wconf 92' lang='grc'>-</span> <span class='ocrx_word' id='word_1_426' title='bbox 1931 2934 1993 2988; x_wconf 90' lang='grc' dir='ltr'><strong>Ρ.</strong></span> <span class='ocrx_word' id='word_1_427' title='bbox 2034 2939 2155 2990; x_wconf 92' lang='grc'><strong>257.</strong></span> <span class='ocrx_word' id='word_1_428' title='bbox 2188 2941 2256 2989; x_wconf 91' lang='grc'>20</span> 
     </span>
     <span class='ocr_line' id='line_1_40' title="bbox 219 3003 2255 3073; baseline -0.001 -13"><span class='ocrx_word' id='word_1_429' title='bbox 219 3007 310 3060; x_wconf 83' lang='lat' dir='ltr'>vir</span> <span class='ocrx_word' id='word_1_430' title='bbox 345 3007 598 3061; x_wconf 87' lang='lat' dir='ltr'>irretitus</span> <span class='ocrx_word' id='word_1_431' title='bbox 635 3006 794 3060; x_wconf 90' lang='lat' dir='ltr'>codd.</span> <span class='ocrx_word' id='word_1_432' title='bbox 835 3006 974 3073; x_wconf 70' lang='lat' dir='ltr'>det,</span> <span class='ocrx_word' id='word_1_433' title='bbox 1020 3005 1195 3073; x_wconf 63' lang='lat' dir='ltr'>Bait„</span> <span class='ocrx_word' id='word_1_434' title='bbox 1241 3005 1490 3060; x_wconf 88' lang='lat' dir='ltr'>irretitus</span> <span class='ocrx_word' id='word_1_435' title='bbox 1524 3007 1613 3059; x_wconf 85' lang='lat' dir='ltr'>vir</span> <span class='ocrx_word' id='word_1_436' title='bbox 1650 3005 1809 3060; x_wconf 90' lang='lat' dir='ltr'>codd.</span> <span class='ocrx_word' id='word_1_437' title='bbox 1847 3004 1893 3058; x_wconf 96' lang='lat' dir='ltr'>B</span> <span class='ocrx_word' id='word_1_438' title='bbox 1914 3003 1959 3058; x_wconf 87' lang='grc' dir='ltr'>Ε</span> <span class='ocrx_word' id='word_1_439' title='bbox 1999 3007 2255 3073; x_wconf 87' lang='lat' dir='ltr'>(quorum</span> 
     </span>
     <span class='ocr_line' id='line_1_41' title="bbox 217 3073 2255 3202; baseline 0 -4"><span class='ocrx_word' id='word_1_440' title='bbox 217 3075 1272 3202; x_wconf 47' lang='grc' dir='ltr'>ἓῄξὲῗᾎξεὲἓξῗωῖῗῗὲεέῗὲᾅω</span> <span class='ocrx_word' id='word_1_441' title='bbox 1298 3073 2255 3201; x_wconf 42' lang='grc' dir='ltr'>119ῗὲτᾶοὲῗαίοὲΐξέἓὲᾶνάθῖ</span> 
     </span>
    </p>

    <p class='ocr_par' dir='ltr' id='par_1_3' title="bbox 219 3175 2259 3564">
     <span class='ocr_line' id='line_1_42' title="bbox 271 3175 2256 3213; baseline -0.001 -13"><span class='ocrx_word' id='word_1_442' title='bbox 271 3186 283 3198; x_wconf 76' lang='lat'>0</span> <span class='ocrx_word' id='word_1_443' title='bbox 427 3187 442 3200; x_wconf 77' lang='grc' dir='ltr'><strong>ο</strong></span> <span class='ocrx_word' id='word_1_444' title='bbox 1155 3189 1165 3200; x_wconf 78' lang='grc' dir='ltr'><strong><em>ο</em></strong></span> <span class='ocrx_word' id='word_1_445' title='bbox 1205 3175 1272 3188; x_wconf 69' lang='lat'><em>-</em></span> <span class='ocrx_word' id='word_1_446' title='bbox 1361 3188 1373 3200; x_wconf 77' lang='grc' dir='ltr'><strong><em>ο</em></strong></span> <span class='ocrx_word' id='word_1_447' title='bbox 1514 3187 1525 3199; x_wconf 80' lang='grc' dir='ltr'><strong><em>ο</em></strong></span> <span class='ocrx_word' id='word_1_448' title='bbox 1868 3185 1879 3197; x_wconf 79' lang='grc'>1</span> <span class='ocrx_word' id='word_1_449' title='bbox 2070 3186 2081 3198; x_wconf 78' lang='grc' dir='ltr'><strong><em>ο</em></strong></span> <span class='ocrx_word' id='word_1_450' title='bbox 2225 3186 2256 3213; x_wconf 74' lang='lat'>0,</span> 
     </span>
     <span class='ocr_line' id='line_1_43' title="bbox 219 3214 2255 3286; baseline -0 -17"><span class='ocrx_word' id='word_1_451' title='bbox 219 3215 369 3271; x_wconf 86' lang='lat' dir='ltr'>Bait.</span> <span class='ocrx_word' id='word_1_452' title='bbox 399 3217 487 3271; x_wconf 86' lang='lat' dir='ltr'>cd.</span> <span class='ocrx_word' id='word_1_453' title='bbox 517 3217 795 3283; x_wconf 84' lang='lat' dir='ltr'>Tauchn.;</span> <span class='ocrx_word' id='word_1_454' title='bbox 823 3217 898 3271; x_wconf 88' lang='lat' dir='ltr'>ad</span> <span class='ocrx_word' id='word_1_455' title='bbox 926 3234 982 3286; x_wconf 88' lang='lat' dir='ltr'>p.</span> <span class='ocrx_word' id='word_1_456' title='bbox 1013 3222 1097 3270; x_wconf 90' lang='grc'><strong>10.</strong></span> <span class='ocrx_word' id='word_1_457' title='bbox 1125 3221 1212 3270; x_wconf 92' lang='grc'>20.</span> <span class='ocrx_word' id='word_1_458' title='bbox 1243 3246 1311 3256; x_wconf 91' lang='grc'>-</span> <span class='ocrx_word' id='word_1_459' title='bbox 1339 3215 1401 3272; x_wconf 92' lang='grc' dir='ltr'><strong>Ρ.</strong></span> <span class='ocrx_word' id='word_1_460' title='bbox 1430 3221 1551 3272; x_wconf 91' lang='grc'><strong>258.</strong></span> <span class='ocrx_word' id='word_1_461' title='bbox 1584 3221 1614 3269; x_wconf 95' lang='grc'><strong>1</strong></span> <span class='ocrx_word' id='word_1_462' title='bbox 1642 3232 1733 3271; x_wconf 87' lang='lat' dir='ltr'>ma</span> <span class='ocrx_word' id='word_1_463' title='bbox 1768 3231 1902 3270; x_wconf 81' lang='lat' dir='ltr'>num</span> <span class='ocrx_word' id='word_1_464' title='bbox 1939 3231 2005 3270; x_wconf 91' lang='lat' dir='ltr'>ac</span> <span class='ocrx_word' id='word_1_465' title='bbox 2030 3214 2255 3282; x_wconf 68' lang='lat' dir='ltr'>Bremi„</span> 
     </span>
     <span class='ocr_line' id='line_1_44' title="bbox 219 3285 2256 3357; baseline -0 -18"><span class='ocrx_word' id='word_1_466' title='bbox 219 3285 430 3355; x_wconf 66' lang='lat' dir='ltr'>Madv„</span> <span class='ocrx_word' id='word_1_467' title='bbox 448 3286 596 3341; x_wconf 87' lang='lat' dir='ltr'>Bait.</span> <span class='ocrx_word' id='word_1_468' title='bbox 622 3287 709 3342; x_wconf 86' lang='lat' dir='ltr'>ed.</span> <span class='ocrx_word' id='word_1_469' title='bbox 730 3286 994 3355; x_wconf 70' lang='lat' dir='ltr'>Tauchn„</span> <span class='ocrx_word' id='word_1_470' title='bbox 1017 3302 1222 3357; x_wconf 70' lang='lat' dir='ltr'>mayna</span> <span class='ocrx_word' id='word_1_471' title='bbox 1241 3285 1423 3354; x_wconf 70' lang='lat' dir='ltr'>codd„</span> <span class='ocrx_word' id='word_1_472' title='bbox 1450 3290 1488 3353; x_wconf 90' lang='lat'>†</span> <span class='ocrx_word' id='word_1_473' title='bbox 1506 3301 1711 3355; x_wconf 71' lang='lat' dir='ltr'>maqna</span> <span class='ocrx_word' id='word_1_474' title='bbox 1777 3285 1875 3341; x_wconf 87' lang='lat' dir='ltr'>ait.</span> <span class='ocrx_word' id='word_1_475' title='bbox 1896 3285 1984 3339; x_wconf 84' lang='lat' dir='ltr'>ed.</span> <span class='ocrx_word' id='word_1_476' title='bbox 2005 3285 2256 3339; x_wconf 86' lang='lat' dir='ltr'>Tauchn.</span> 
     </span>
     <span class='ocr_line' id='line_1_45' title="bbox 221 3354 2259 3426; baseline -0 -16"><span class='ocrx_word' id='word_1_477' title='bbox 221 3386 288 3396; x_wconf 90' lang='lat'>—</span> <span class='ocrx_word' id='word_1_478' title='bbox 315 3355 380 3412; x_wconf 91' lang='lat' dir='ltr'>P.</span> <span class='ocrx_word' id='word_1_479' title='bbox 411 3360 533 3412; x_wconf 83' lang='lat'>258.</span> <span class='ocrx_word' id='word_1_480' title='bbox 563 3361 632 3411; x_wconf 91' lang='grc'>37</span> <span class='ocrx_word' id='word_1_481' title='bbox 666 3356 1040 3412; x_wconf 78' lang='lat' dir='ltr'>Phtolomeum</span> <span class='ocrx_word' id='word_1_482' title='bbox 1068 3358 1183 3426; x_wconf 89' lang='lat' dir='ltr'>opt.</span> <span class='ocrx_word' id='word_1_483' title='bbox 1215 3356 1395 3424; x_wconf 71' lang='lat' dir='ltr'>codd„</span> <span class='ocrx_word' id='word_1_484' title='bbox 1436 3357 1663 3411; x_wconf 85' lang='lat' dir='ltr'>Ptolem.</span> <span class='ocrx_word' id='word_1_485' title='bbox 1695 3355 1842 3422; x_wconf 86' lang='lat' dir='ltr'>edd.;</span> <span class='ocrx_word' id='word_1_486' title='bbox 1870 3354 1941 3409; x_wconf 86' lang='lat' dir='ltr'>cf.</span> <span class='ocrx_word' id='word_1_487' title='bbox 1968 3372 2023 3423; x_wconf 93' lang='lat' dir='ltr'>p.</span> <span class='ocrx_word' id='word_1_488' title='bbox 2054 3359 2173 3408; x_wconf 87' lang='grc'><strong>235.</strong></span> <span class='ocrx_word' id='word_1_489' title='bbox 2204 3360 2259 3409; x_wconf 94' lang='grc'>2.</span> 
     </span>
     <span class='ocr_line' id='line_1_46' title="bbox 221 3424 2255 3493; baseline -0.002 -13"><span class='ocrx_word' id='word_1_490' title='bbox 221 3455 288 3466; x_wconf 84' lang='lat'>—-</span> <span class='ocrx_word' id='word_1_491' title='bbox 325 3425 388 3480; x_wconf 92' lang='lat' dir='ltr'>P.</span> <span class='ocrx_word' id='word_1_492' title='bbox 420 3431 543 3478; x_wconf 91' lang='grc'><strong>259.</strong></span> <span class='ocrx_word' id='word_1_493' title='bbox 585 3431 654 3479; x_wconf 90' lang='grc'>25</span> <span class='ocrx_word' id='word_1_494' title='bbox 699 3427 844 3492; x_wconf 77' lang='lat' dir='ltr'>quod</span> <span class='ocrx_word' id='word_1_495' title='bbox 890 3456 956 3464; x_wconf 88' lang='lat'>-—-</span> <span class='ocrx_word' id='word_1_496' title='bbox 1005 3427 1345 3480; x_wconf 84' lang='lat' dir='ltr'>arbitrentur</span> <span class='ocrx_word' id='word_1_497' title='bbox 1392 3426 1555 3480; x_wconf 90' lang='lat' dir='ltr'>codd.</span> <span class='ocrx_word' id='word_1_498' title='bbox 1604 3425 1807 3491; x_wconf 88' lang='lat' dir='ltr'>deter.‚</span> <span class='ocrx_word' id='word_1_499' title='bbox 1852 3425 1951 3493; x_wconf 77' lang='lat' dir='ltr'>qui</span> <span class='ocrx_word' id='word_1_500' title='bbox 2001 3454 2067 3464; x_wconf 91' lang='lat'>—</span> <span class='ocrx_word' id='word_1_501' title='bbox 2107 3424 2255 3478; x_wconf 85' lang='lat' dir='ltr'>arbi-</span> 
     </span>
     <span class='ocr_line' id='line_1_47' title="bbox 219 3493 2253 3564; baseline -0.002 -14"><span class='ocrx_word' id='word_1_502' title='bbox 219 3499 438 3550; x_wconf 81' lang='lat' dir='ltr'>trentur</span> <span class='ocrx_word' id='word_1_503' title='bbox 468 3494 515 3547; x_wconf 93' lang='lat' dir='ltr'>B</span> <span class='ocrx_word' id='word_1_504' title='bbox 535 3494 580 3548; x_wconf 85' lang='grc' dir='ltr'>Ε</span> <span class='ocrx_word' id='word_1_505' title='bbox 596 3536 610 3562; x_wconf 92' lang='grc'><strong>,</strong></span> <span class='ocrx_word' id='word_1_506' title='bbox 646 3493 832 3549; x_wconf 84' lang='lat' dir='ltr'>Madv.</span> <span class='ocrx_word' id='word_1_507' title='bbox 873 3495 1233 3562; x_wconf 85' lang='lat' dir='ltr'>(quamquam</span> <span class='ocrx_word' id='word_1_508' title='bbox 1273 3494 1406 3548; x_wconf 85' lang='lat' dir='ltr'>huic</span> <span class='ocrx_word' id='word_1_509' title='bbox 1456 3495 1711 3564; x_wconf 75' lang='lat' dir='ltr'>‘prorsus</span> <span class='ocrx_word' id='word_1_510' title='bbox 1757 3494 1857 3546; x_wconf 84' lang='lat' dir='ltr'>aut</span> <span class='ocrx_word' id='word_1_511' title='bbox 1896 3508 2019 3546; x_wconf 87' lang='lat' dir='ltr'>cum</span> <span class='ocrx_word' id='word_1_512' title='bbox 2056 3521 2123 3532; x_wconf 92' lang='lat'>—</span> <span class='ocrx_word' id='word_1_513' title='bbox 2161 3508 2253 3544; x_wconf 88' lang='lat' dir='ltr'>ar-</span> 
     </span>
    </p>
   </div>
  </div>
 </body>
</html>
