2609 3884
2336 3 2363 56 ί
2376 5 2385 9 -

362 164 496 228 394
756 161 1352 217 TUSCULANARUM
1385 159 1993 216 DISPUTATIONUM

295 337 327 385 8
497 331 589 390 Μ.
634 324 855 410 Dicat,
909 325 966 390 si
1010 324 1155 408 quis
1201 325 1366 408 volt,
1423 345 1550 408 qua
1605 325 1680 388 de
1723 345 1795 387 re
1846 322 2165 406 disputari
2211 323 2394 388 velit.

492 415 576 478 A.
644 412 814 479 Non
876 413 1063 478 mihi
1124 412 1432 477 videtur
1495 413 1705 476 omni
1775 412 2014 476 animi
2077 415 2389 494 pertur-

360 503 676 567 batione
721 523 946 586 posse
992 501 1304 585 sapiens
1349 521 1644 566 vacare.

492 597 584 656 M.
629 590 1055 674 Aegritudine
1092 588 1351 673 quidem
1387 588 1692 653 hesterna
1733 588 2174 672 disputatione
2210 588 2388 653 vide·

360 681 579 758 batur,
632 679 759 743 nisi
812 678 981 743 forte
1034 677 1349 760 temporis
1405 698 1602 742 causa
1662 676 1856 742 nobis
1917 676 2383 742 adsentiebare.
2413 699 2442 740 5

492 769 575 833 A.
630 767 899 832 Minime
952 787 1132 849 vero;
1188 787 1343 830 nam
1397 764 1560 829 mihi
1614 764 1873 850 egregie
1936 765 2221 848 probata
2284 771 2388 830 est

363 857 573 922 oratio
618 861 751 922 tua.

491 953 583 1010 M.
626 944 777 1011 Non
812 945 1015 1030 igitur
1052 945 1382 1010 existimas
1421 944 1644 1009 eadere
1679 943 1747 1008 in
1777 944 2135 1028 sapientem
2174 945 2386 1032 aegri·

358 1033 697 1100 tudinem?

491 1125 575 1188 A.
627 1121 901 1187 Prorsus
948 1143 1079 1186 non
1126 1122 1429 1187 arbitror.
2413 1148 2462 1186 ιο

491 1216 583 1276 Μ.
628 1210 856 1293 Atqui,
901 1210 959 1274 si
991 1210 1121 1274 ista
1156 1211 1532 1294 perturbare
1569 1210 1859 1276 animum
1897 1210 2211 1295 sapientis
2248 1231 2386 1276 non

358 1302 605 1384 potest,
648 1299 831 1362 nulla
864 1298 1123 1382 poterit.
1198 1298 1367 1376 Quid
1403 1300 1617 1364 enim?
1659 1303 1952 1364 metusne
1989 1299 2384 1364 conturbet?

358 1387 453 1451 At
496 1409 717 1452 earum
760 1407 976 1451 rerum
1023 1391 1123 1451 est
1170 1386 1534 1452 absentium
1577 1391 1815 1472 metus,
1872 1408 2146 1472 quarum
2193 1409 2380 1470 prae-

360 1476 642 1541 sentium
681 1480 781 1542 est
816 1474 1171 1560 aegritudo.
1241 1474 1511 1541 Sublata
1547 1475 1750 1560 igitur
1787 1475 2192 1560 aegritudine
2231 1476 2383 1540 sub-

358 1564 531 1629 latus
578 1568 678 1629 est
722 1569 948 1629 metus.
1020 1561 1299 1628 Restant
1335 1565 1497 1628 duae
1536 1565 2076 1647 perturbationes,
2122 1564 2383 1629 laetitia
2411 1588 2456 1629 15

358 1653 643 1737 gestiens
698 1656 765 1718 et
817 1652 1045 1737 libid03
1101 1673 1265 1736 quae
1313 1651 1370 1716 si
1422 1674 1555 1717 non
1598 1653 1830 1718 cadent
1881 1653 1952 1717 in
1997 1653 2384 1737 sapientem,

358 1763 610 1825 semper
652 1763 833 1806 mens
880 1740 1005 1804 erit
1035 1740 1405 1823 tranquilla
1445 1740 1776 1823 sapientis.

286 1840 320 1890 9
489 1831 572 1894 A.
630 1829 735 1894 Sic
778 1851 1045 1913 prorsus
1090 1827 1417 1911 intellego.

488 1923 579 1981 M.
624 1917 864 1985 Utrum
908 1917 1111 2001 igitur
1146 1917 1396 1981 mavis?
1461 1917 1766 1981 statimne
1809 1939 1926 1983 nos
1971 1918 2121 1982 vela
2164 1916 2382 1982 facere

358 2027 441 2069 an
487 2006 673 2089 quasi
717 2027 752 2068 e
796 2009 988 2089 portu
1035 2004 1422 2088 egredientis
1468 2005 1803 2088 paululum
1845 2006 2210 2090 remigare?
2409 2031 2459 2070 20
2574 2051 2575 2094 ξ

486 2093 569 2157 A.
624 2091 943 2168 Quidnam
990 2096 1092 2156 est
1136 2092 1346 2157 istuc?
1391 2114 1526 2157 non
1571 2094 1742 2157 enim
1787 2093 2112 2195 intellego.

276 2185 319 2250 5
488 2186 577 2244 M.
624 2179 789 2254 Quia
832 2177 1237 2262 Chrysippus
1292 2183 1361 2244 et
1405 2178 1609 2245 Stoici
1654 2203 1798 2246 cum
1854 2182 1933 2247 de
1979 2181 2180 2246 animi
2234 2204 2380 2267 per-

356 2266 839 2331 turbationibus
895 2266 1259 2349 disputant,
1316 2287 1622 2352 magnam
1665 2272 1918 2352 partem
1965 2269 2035 2333 in
2078 2269 2183 2334 his
2228 2293 2378 2355 par-

354 2355 591 2420 tiendis
648 2357 715 2419 et
768 2354 1142 2419 definiendis
1206 2356 1506 2439 occupati
1561 2361 1739 2439 sunt,
1793 2357 1911 2422 illa
1963 2379 2185 2422 eorum
2232 2380 2380 2442 per-

356 2445 588 2528 exigua
665 2443 873 2509 oratio
946 2446 1071 2526 est,
1144 2465 1271 2526 qua
1334 2443 1710 2509 medeantur
1775 2446 2005 2510 animis
2076 2467 2197 2516 nee
2262 2468 2376 2511 eos
2405 2469 2454 2511 25

355 2529 763 2598 turbulen'tos
801 2546 942 2597 ess'e
986 2532 1348 2616 patiantur,
1391 2530 1804 2616 Peripatetici
1850 2537 2067 2598 autem
2114 2533 2198 2598 ad
2236 2534 2377 2618 pla-

355 2622 593 2687 candos
656 2621 907 2687 animos
970 2620 1179 2684 multa
1243 2619 1569 2704 adferunt,
1635 2621 1856 2703 spinas
1919 2621 2245 2705 partiendi
2311 2626 2380 2694 <a

355 2708 698 2774 definiendi
751 2709 1292 2793 praetermittunt.
1397 2707 1800 2784 Quaerebam
1860 2709 2091 2794 igitur,
2155 2713 2379 2774 utrum

354 2797 702 2878 panderem
738 2797 884 2862 vela
919 2796 1233 2862 orationis
1272 2797 1497 2860 statim
1534 2818 1618 2860 an
1653 2819 1796 2861 eam
1843 2801 1992 2862 ante
2034 2798 2375 2882 paululum

356 2883 837 2948 dialecticorum
880 2887 1073 2952 remis
1118 2884 1564 2969 propellerem.
2403 2912 2456 2951 so

486 2972 568 3037 A.
622 2970 758 3035 Isto
814 2972 1005 3038 modo
1060 2993 1241 3055 vero;
1298 2973 1422 3036 erit
1475 2973 1647 3037 enim
1708 2972 1836 3039 hoc
1897 2975 2140 3057 totum,
2201 2974 2376 3058 quod

356 3080 622 3142 quaere,
668 3081 745 3121 ex
789 3063 1062 3142 utroque
1103 3059 1473 3143 perfectius.

254 3159 319 3208 10
486 3146 583 3211 Μ
627 3145 754 3210 Est
805 3145 871 3209 id
924 3147 1181 3230 quidem
1233 3149 1496 3232 rectius;
1562 3147 1676 3212 sed
1727 3152 1882 3232 post
1935 3149 2253 3233 requireS,
2317 3150 2377 3214 si

356 3232 511 3319 quid
553 3233 751 3298 fuerit
796 3234 1147 3298 obscurius.

488 3321 571 3385 A.
624 3320 883 3385 Faciam
922 3322 1237 3407 equidem3
1275 3326 1350 3386 tu
1385 3327 1634 3408 tamen,
1679 3329 1754 3389 ut
1791 3326 1989 3408 soleS,
2034 3323 2205 3389 dices
2243 3323 2374 3389 ista
2401 3351 2452 3391 ss

354 3407 500 3488 ipsa
544 3408 819 3472 obscura
862 3407 1147 3491 planiuS,
1194 3431 1388 3492 quam
1434 3411 1730 3476 dicuntur
1775 3435 1816 3476 a
1859 3411 2138 3477 Graecis.

485 3500 578 3558 M.
622 3493 855 3559 Enitar
911 3495 1229 3580 equidem,
1294 3497 1406 3560 sed
1461 3499 1710 3565 intento
1767 3521 1928 3584 opus
1983 3503 2083 3564 est
2135 3499 2375 3583 anime,
