2609 3884
403 147 534 211 168
726 146 825 201 DE
861 146 1151 202 FINIBUS
1188 146 1551 203 BONORUM
1584 146 1680 202 ΕΤ
1716 146 2083 203 MALORUM

401 330 568 392 quae
611 330 730 392 pro
777 309 984 373 salute
1032 308 1323 393 gentium
1360 330 1609 373 summo
1655 308 1877 373 labore
1919 310 2265 394 gessisset,
2310 332 2421 376 vo·

400 396 673 479 luptatis
719 418 914 461 causa
959 396 1235 480 gessisse
1280 395 1543 462 diceres·

536 482 712 559 Quae
759 507 904 550 cum
950 484 1279 567 dixissem,
1324 483 1553 547 Habeo
1561 533 1580 568 ,
1624 483 1837 568 inquit
1881 483 2253 568 Torquatus
2262 534 2283 569 ,
2336 486 2415 550 ad

401 592 562 655 quos
623 573 751 655 ista
813 571 1114 655 referam,
1179 575 1270 654 et,
1338 592 1727 654 quamquam
1789 570 2032 655 aliquid
2095 572 2240 655 ipse
2304 595 2414 656 po-

399 663 634 737 teram,
678 662 897 723 tamen
940 659 1226 724 invenire
1273 659 1448 722 malo
1495 658 1874 741 paratiores,
1915 694 1993 705 —
2032 658 2412 725 Familiares
2440 685 2460 725 ε

398 749 685 829 nostros,
748 746 962 829 credo,
1026 743 1323 811 Sironem
1387 744 1543 811 dicis
1608 748 1674 809 et
1730 745 2211 831 Philodemum,
2271 768 2413 812 cum

400 835 684 919 optimos
739 834 937 917 virOS,
991 837 1130 899 tum
1184 834 1478 898 homines
1538 832 1965 899 doctissimos.
2054 833 2277 920 Recte,
2321 836 2413 899 in-

398 922 569 1006 quit,
614 922 955 1007 intellegis.
1027 922 1170 1006 Age
1217 942 1397 1005 sane,
1442 920 1725 1005 inquam.
1806 919 1930 985 Sed
1967 926 2109 986 erat
2145 924 2412 1005 aequius

400 1009 718 1073 Triarium
747 1008 990 1092 aliquid
1027 1009 1103 1072 de
1145 1008 1546 1073 dissensione
1572 1012 1797 1073 nostra
1822 1008 2124 1073 iudicare.
2188 1010 2413 1094 Eiur0,

397 1097 617 1180 inquit
661 1097 947 1161 arridens
956 1146 974 1179 ,
1027 1096 1349 1180 iniquum,
1393 1096 1517 1161 hac
1562 1096 1816 1181 quidem
1861 1097 1939 1160 de
1984 1118 2080 1182 re3
2124 1101 2202 1161 tu
2242 1100 2413 1163 enim
2442 1126 2499 1163 ιο

398 1185 529 1263 ista
591 1184 827 1266 leniUS,
888 1184 994 1249 hie
1059 1181 1422 1249 Stoicorum
1484 1206 1661 1249 more
1731 1205 1851 1249 nos
1914 1188 2125 1249 vexat.
2243 1184 2415 1251 Tum

399 1272 710 1335 Triarius:
782 1272 1065 1336 Posthac
1128 1272 1413 1355 quidem,
1490 1272 1725 1356 inquit,
1800 1272 2120 1337 audacius
2239 1272 2415 1338 Nam

398 1358 557 1424 haec
601 1360 744 1442 ipsa
789 1360 949 1423 mihi
993 1363 1181 1424 erunt
1222 1360 1293 1423 in
1338 1366 1671 1443 promptu,
1729 1382 1891 1444 quae
1934 1359 2128 1425 modo
2177 1360 2415 1440 audivi,

397 1468 519 1511 nec
593 1451 746 1512 ante
810 1448 1177 1531 aggrediar,
1240 1468 1433 1530 quam
1494 1452 1560 1511 te
1625 1448 1708 1512 ab
1771 1447 1944 1531 istis,
2009 1468 2171 1531 quos
2236 1448 2417 1533 dicis,

398 1535 786 1600 instructum
846 1536 1085 1599 videro.
1201 1534 1381 1611 Quae
1452 1556 1599 1599 cum
1662 1527 1877 1599 esse‘n't
1940 1535 2143 1621 dicta,
2218 1536 2416 1601 finem
2444 1561 2495 1601 15

399 1622 670 1688 fecimus
717 1626 784 1687 et
829 1622 1200 1687 ambulandi
1246 1625 1313 1687 et
1359 1622 1748 1706 disputandi.

400 2172 547 2255 DE
616 2170 1040 2258 FINIBUS
1112 2172 1627 2255 BONORUM
1696 2172 1829 2255 ET
1888 2170 2419 2258 MALORUM

1183 2318 1283 2372 AD
1320 2317 1631 2373 BRUTUM

1087 2448 1330 2507 LIBER
1375 2448 1733 2509 TERTIUS.

1298 2602 1513 2611 ...—

893 2011 990 2082 M.
1049 2010 1370 2083 TULLII
1424 2008 1916 2083 CICERONIS
2556 1936 2563 2359 '

540 2836 606 2889 In
648 2835 813 2889 huius
857 2833 989 2889 libri
1033 2833 1257 2888 exordio
1295 2832 1487 2888 Cicero
1526 2850 1795 2888 conversa
1840 2851 2031 2888 rursus
2068 2834 2144 2890 ad
2178 2836 2420 2891 Brutum

399 2905 676 2973 oratione,
723 2905 988 2973 quoniam
1022 2904 1284 2975 voluptas
1322 2902 1605 2972 superiore
1642 2903 1784 2958 libro
1823 2904 1959 2959 satis
1996 2905 2293 2961 confutata
2328 2906 2421 2973 sit,

400 2975 699 3055 acriorem·
721 2978 978 3055 paratam
1034 2989 1154 3028 esse
1189 2974 1272 3028 ait
1318 2991 1461 3056 cum·
1491 2974 1692 3029 Stoicis
1738 2974 2185 3056 contentionem,
2244 2978 2421 3057 atque

400 3062 590 3101 eorum
645 3044 952 3100 disserendl
1013 3060 1212 3110 genus,
1271 3061 1396 3098 cum
1444 3062 1627 3112 1psum
1693 3044 1897 3098 subtile
1950 3047 2026 3099 sit
2077 3046 2173 3100 vel
2226 3050 2423 3115 potius

397 3116 706 3241 tspinosum,
753 3117 875 3169 tum
919 3114 1097 3237 musti?
1144 3113 1426 3237 difficiliuis
1464 3130 1584 3238 θεῖε
1621 3113 1820 3169 Latine
1837 3114 2242 3237 doquenffi'bus'
2297 3116 2421 3197 qni-

396 3190 737 3325 13202233
764 3201 913 3310 2122?
953 3200 2150 3324 Vfissoahssssnfflrssniumn‘fflefeqssssmssff
2171 3202 2425 3310 3⁰33

399 3326 571 3379 etiam
617 3328 765 3380 artes
811 3325 925 3378 suis
973 3327 1029 3378 et
1073 3323 1313 3393 propriis
1356 3326 1586 3379 utmtur
1628 3324 1839 3391 verbis,
1895 3326 2075 3379 multo
2120 3323 2183 3379 id
2232 3324 2425 3394 magis

1073 2718 1743 2780 ARGUMENTUM.
2557 2698 2562 3041 1

397 3395 791 3515 Ehssoqophiae
856 3393 1273 3452 concedendum
1338 3393 1436 3475 sit²
1502 3396 1584 3462 et,
1642 3394 1699 3475 si
1760 3394 2005 3477 Graecis·
2057 3395 2423 3477 philosophi-s

446 3465 625 3516 cuerit
670 3464 738 3518 de
784 3464 949 3517 rebus
985 3479 1100 3517 non
1143 3466 1466 3533 pervagatis
1501 3463 1687 3518 verbis
1734 3481 1952 3533 quoque
1986 3468 2278 3520 immtatis
2314 3467 2421 3531 uti,
