2609 3884
381 174 470 241 92
868 199 875 205 -
1118 135 1658 228 ARGUMENTUM.

379 348 621 458 ὣς
638 332 1752 472 assensa,mmm&
1773 331 2244 482 rasas&
2273 347 2404 482 θεῇς

378 490 541 529 versa
574 473 758 529 nolint
792 477 935 542 (cap.
976 479 1003 527 1
1019 473 1171 542 —3).
1246 471 1318 526 Se
1353 487 1515 540 vero,
1565 487 1734 540 quem
1769 471 1844 526 ad
1877 472 2108 526 modum
2142 471 2280 526 olim
2314 487 2402 525 rei

378 543 639 614 publicae
665 560 755 598 res
791 543 1037 614 gerendo
1065 559 1179 597 non
1215 539 1483 610 defuerit,
1521 541 1601 596 sic
1627 558 1775 596 nunc
1808 541 2082 612 neglectis
2118 540 2401 596 obtrecta-

380 613 599 669 toribus
636 612 1079 679 elaboraturum,
1122 614 1190 667 ut
1224 611 1374 667 cives
1410 612 1526 667 sint
1560 628 1734 682 opera
1769 629 1872 668 sua
1909 611 2207 667 doctiores.
2278 609 2402 666 Nec

381 683 687 754 quidquam
731 699 879 751 esse,
925 683 1077 752 quod
1118 683 1311 753 potius
1355 681 1597 738 scribere
1643 681 1875 751 debeat,
1931 698 2102 752 quam
2134 683 2304 752 haec,
2339 681 2403 736 in

382 754 583 824 quibus
698 754 987 820 avissima,
1034 770 1176 822 quae
1212 752 1633 824 philosophiam
1669 751 1983 822 contineat,
2031 752 2290 823 quaestio
2328 752 2402 807 de

382 841 598 880 summo
694 841 802 880 ono
858 826 1234 894 pertractetur
1287 826 1430 893 (cap.
1485 826 1559 894 4).
1650 823 1729 878 Ut
1781 825 1972 878 autem
2026 840 2062 879 a
2113 822 2402 878 facillimis

382 895 660 960 ordiatur,
698 895 769 950 ab
806 895 1049 963 Epicuro
1083 893 1311 948 initium
1347 893 1511 961 facit,
1548 894 1706 948 cuius
1743 893 2102 963 disciplinam
2136 895 2400 949 accurate

419 965 667 1021 nondam
702 982 738 1020 a
774 965 1187 1046 L3Torquato,
1224 981 1354 1018 cum
1390 963 1448 1020 C.
1485 963 1748 1019 Triarius·
1770 964 2020 1032 adesset,
2057 964 2208 1045 apud
2243 979 2304 1018 se
2340 963 2404 1018 in

379 1036 1996 1187 Namazffissffirssmmm
2031 1034 2402 1186 aar&

382 1194 482 1232 cur
516 1176 698 1230 minus
733 1176 1039 1246 Epicurum
1073 1176 1364 1246 probaret,
1402 1175 1595 1231 Cicero
1635 1176 1878 1230 breviter
1914 1191 2136 1230 omnem
2169 1175 2404 1245 Epicuri

418 1245 798 1328 hilosophiam
842 1246 922 1300 sic
963 1245 1267 1316 percurrit,
1314 1248 1382 1300 ut
1424 1246 1799 1313 demonstret,
1847 1245 1982 1314 quid
2027 1245 2087 1299 in
2134 1244 2401 1315 physicis,

335 1351 346 1362 ·
378 1265 721 1385 {inlecticim
767 1315 969 1372 ethicis
1014 1316 1133 1372 eius
1178 1314 1462 1372 desideret
1497 1318 1556 1370 et
1599 1316 1980 1398 reprehendat
2021 1319 2163 1384 (cap.
2202 1322 2315 1370 6-
2328 1321 2400 1383 7).

380 1386 777 1443 Defensionem
820 1386 1053 1458 Epicuri
1106 1387 1423 1455 Torquatus
1477 1386 1712 1456 suscipit
1764 1388 1824 1440 et
1876 1385 2078 1441 ceteris
2130 1385 2192 1440 in
2243 1385 2404 1440 aliud

380 1459 603 1528 tempus
629 1457 852 1513 reiectis
880 1457 999 1512 eius
1028 1457 1099 1513 de
1127 1474 1344 1512 summo
1372 1458 1522 1513 bono
1550 1456 1888 1512 sententiam
1915 1456 2160 1527 explicat
2197 1472 2318 1525 cap.
2349 1463 2401 1512 8.

382 1527 629 1598 Exponit
668 1527 845 1598 igitur
877 1527 1108 1599 Epicuri
1132 1527 1373 1583 formam
1399 1527 1641 1583 docendi
1667 1543 1904 1595 sequens
1933 1528 1992 1583 et
2018 1541 2186 1596 saepe
2211 1525 2402 1581 verbis

382 1598 502 1653 eius
537 1600 700 1653 utens
746 1614 909 1654 omne
954 1598 1165 1654 animal
1214 1615 1251 1653 a
1298 1597 1482 1668 primo
1521 1599 1648 1653 ortu
1682 1600 1886 1658 natura
1917 1597 2268 1667 voluptatem
2301 1613 2402 1666 ap-

364 1727 371 1734 ,
381 1669 603 1739 petere,
648 1668 904 1725 dolorem
946 1683 1239 1739 respuere,
1282 1670 1353 1724 ut
1387 1666 1661 1738 appareat
1705 1667 1866 1722 illam
1899 1683 2003 1738 per
2036 1684 2097 1722 se
2134 1668 2404 1737 expeten-

385 1739 540 1807 dam,
583 1739 733 1794 hunc
778 1739 1121 1794 reiciendum
1166 1754 1287 1794 esse
1335 1739 1424 1808 (ca
1465 1780 1478 1793 .
1515 1741 1590 1806 9).
1675 1738 1786 1792 Sed
1820 1738 1906 1792 ita
1940 1737 2170 1808 probari
2201 1738 2403 1807 volup·

380 1811 585 1879 tatem,
620 1809 930 1880 improbari
965 1810 1243 1878 dolorem,
1287 1811 1354 1864 ut
1481 1811 1636 1863 ectus
1685 1807 1978 1862 faciendus
2014 1807 2090 1862 sit
2138 1809 2197 1863 et
2229 1823 2403 1878 saepe

380 1879 704 1948 voluptates
738 1879 1269 1950 praetermittendae
1282 1921 1295 1947 ,
1333 1894 1405 1933 ne
1441 1878 1681 1934 maiores
1717 1878 1942 1933 dolores
1971 1880 2402 1948 consequantur,

383 1951 443 2003 et
488 1949 710 2005 dolores
756 1952 815 2004 et
868 1950 1122 2020 pericula
1167 1949 1458 2004 subeunda
1501 1949 1778 2004 maiorum
1821 1950 1956 2004 volu
1995 1950 2179 2003 tatum
2231 1965 2404 2003 causa

382 2021 527 2088 (cap.
568 2021 674 2089 10).
756 2019 1124 2089 Voluptatem
1168 2022 1361 2074 autem
1404 2019 1475 2074 ab
1522 2019 1765 2088 Epicuro
1810 2018 1927 2074 inte
1975 2020 2069 2089 egi
2111 2035 2226 2074 nou
2273 2035 2400 2073 eam

383 2089 588 2157 solam,
625 2105 768 2159 quae
804 2106 996 2145 sensus
1031 2091 1192 2145 motu
1228 2089 1473 2159 quodam
1506 2089 1728 2159 titillet,
1765 2089 1867 2144 sed
1901 2090 2206 2144 maximam
2239 2089 2404 2145 illam

381 2159 595 2229 putari,
644 2175 787 2230 quae
838 2159 1183 2231 percipiatur
1227 2159 1380 2215 omni
1440 2159 1634 2216 dolore
1678 2162 1899 2216 remoto
1947 2162 2091 2230 (cap.
2143 2161 2244 2229 11).
2333 2159 2403 2214 In

382 2231 491 2284 hac
536 2245 658 2285 esse
704 2247 983 2284 summum
1030 2231 1234 2286 bonum
1281 2229 1450 2286 facile
1497 2230 1756 2301 intellegi
1806 2246 1974 2300 posse
2027 2229 2215 2300 posita
2267 2232 2402 2285 ante

382 2299 575 2354 oculos
619 2300 864 2372 imagine
909 2317 1036 2356 cum
1080 2301 1227 2369 eius,
1282 2301 1380 2369 qui
1433 2301 1688 2356 omnibus
1741 2300 2126 2370 voluptatibus
2180 2301 2404 2355 fruatur

380 2371 539 2425 nulla
572 2386 634 2426 re
670 2370 1039 2441 impediente,
1074 2373 1198 2427 tum
1234 2371 1381 2440 eius,
1420 2371 1517 2440 qui
1550 2372 1610 2426 in
1645 2387 1863 2426 summo
1901 2371 2114 2426 doloris
2149 2371 2404 2427 cruciatu

382 2441 472 2496 sit.
552 2443 750 2511 Itaque
796 2459 1073 2496 summum
1120 2457 1241 2498 esse
1285 2442 1496 2497 bonum
1546 2441 1788 2496 iucunde
1843 2441 2036 2497 vivere
2091 2444 2233 2512 (cap.
2291 2445 2401 2512 12).

380 2511 633 2568 Virtutes
680 2513 869 2568 autem
913 2530 1027 2569 non
1068 2528 1172 2582 per
1215 2528 1273 2567 se
1320 2511 1533 2583 expeti,
1580 2512 1681 2567 sed
1726 2512 1878 2580 quod
1913 2512 2093 2566 multa
2141 2513 2406 2568 adferant

382 2583 455 2637 ad
498 2583 738 2638 iucunde
784 2585 844 2638 et
885 2584 1188 2651 tranquille
1232 2582 1562 2650 vivendum3
1606 2583 1668 2637 id
1713 2582 1883 2637 facile
1926 2581 2172 2666 perspici
2217 2582 2278 2637 in
2313 2598 2404 2637 sa-

380 2654 597 2722 pientia
640 2653 757 2710 sive
811 2654 1110 2724 prudentia
1155 2654 1271 2716 (ubi
1333 2654 1505 2708 etiam
1551 2653 1926 2722 cupiditatum
1971 2653 2176 2708 divisio
2231 2653 2404 2709 attin-

381 2724 583 2848 gitur),
629 2725 1030 2794 temperantia,
1075 2723 1434 2792 fortitudine,
1477 2723 1697 2779 iustitia
1741 2725 1886 2794 (cap.
1935 2725 2199 2794 13—16).
2289 2724 2404 2778 Vo-

404 2796 658 2864 uptatem
706 2796 764 2850 et
809 2795 1061 2850 dolorem
1108 2794 1283 2849 animi
1327 2810 1361 2849 e
1405 2810 1638 2864 corpore
1684 2793 1844 2864 oriri,
1898 2809 2002 2849 nec
2047 2796 2240 2850 tamen
2286 2811 2405 2850 non

380 2864 561 2918 maius
598 2879 719 2919 esse
755 2865 934 2920 multo
969 2866 1269 2933 utrumque
1304 2863 1366 2919 in
1401 2864 1589 2919 animo
1637 2881 1806 2934 quam
1841 2864 1902 2920 in
1937 2880 2200 2934 corpore,
2249 2865 2405 2933 quod

380 2934 489 2989 hoc
524 2934 835 3003 praesentis
866 2935 1048 2990 solum
1081 2935 1353 3004 temporis
1387 2934 1674 3004 particeps
1703 2935 1803 3004 sit,
1839 2934 2058 2989 animus
2092 2936 2406 3004 praeterita

380 3004 722 3070 meminerit,
758 3004 948 3059 futura
983 3006 1271 3074 exspectet
1298 3006 1439 3074 (cap.
1473 3007 1576 3075 1⁷).
1633 3005 1761 3060 Non
1838 3021 1961 3060 osse
1997 3005 2237 3060 iucunde
2263 3005 2404 3076 vivi,

378 3073 489 3128 nisi
522 3075 782 3142 honeste,
818 3091 922 3128 nec
958 3075 1219 3141 honeste,
1255 3074 1368 3128 nisi
1398 3074 1656 3130 iucunde.
1713 3076 1784 3131 Se
1825 3077 1923 3130 ato
1961 3076 2186 3130 demum
2211 3075 2404 3133 animo

380 3144 701 3214 sedatisque
729 3143 1133 3214 cupiditatibus
1162 3147 1223 3199 et
1246 3145 1556 3200 terroribus
1581 3146 1750 3201 beate
1777 3145 1897 3201 vivi
1920 3162 2088 3216 posse
2116 3148 2262 3216 (cap.
2293 3149 2404 3217 18).

385 3215 580 3282 Itaque
619 3213 933 3284 sapientem
954 3231 1177 3284 semper
1211 3231 1335 3270 esse
1380 3215 1637 3284 beatum,
1672 3215 1934 3272 fortunae
1971 3216 2244 3286 potestati
2286 3234 2406 3274 non

377 3284 617 3340 multum
644 3285 973 3342 subiectum.
1025 3285 1354 3340 Dialecticis
1381 3285 1684 3356 Epicurum
1707 3303 1822 3342 non
1847 3287 2089 3341 multum
2114 3286 2401 3356 tribuisse,

379 3356 529 3422 quod
558 3371 627 3410 ea
654 3355 728 3410 ad
762 3356 928 3412 beate
957 3355 1260 3412 vivendum
1287 3358 1476 3411 essent
1511 3357 1760 3424 inutilia,
1797 3357 2045 3427 physicis
2079 3357 2404 3428 plurimum,

378 3426 529 3492 quod
565 3425 865 3482 utilissima
896 3430 1090 3482 essent
1123 3430 1213 3496 (ca
1254 3468 1267 3482 .
1309 3428 1415 3496 19).
1501 3427 1793 3482 Postremo
1831 3427 2170 3498 amicitiam,
2209 3444 2403 3497 quam·

376 3511 546 3559 quam
588 3513 703 3552 non
745 3497 917 3552 nullis
961 3496 1091 3552 tolli
1142 3497 1201 3552 vi
1242 3497 1403 3552 eatur
1444 3497 1675 3567 Epicuri
1730 3496 2013 3560 doctrina.
2068 3501 2261 3553 tamen
2307 3497 2399 3554 vel
