<?xml version="1.0" encoding="UTF-8"?>
<!DOCTYPE html PUBLIC "-//W3C//DTD XHTML 1.0 Transitional//EN"
    "http://www.w3.org/TR/xhtml1/DTD/xhtml1-transitional.dtd">
<html xmlns="http://www.w3.org/1999/xhtml" xml:lang="en" lang="en">
 <head>
  <title>
</title>
<meta http-equiv="Content-Type" content="text/html;charset=utf-8" />
  <meta name='ocr-system' content='tesseract 3.04.00' />
  <meta name='ocr-capabilities' content='ocr_page ocr_carea ocr_par ocr_line ocrx_word'/>
</head>
<body>
  <div class='ocr_page' id='page_1' title='image "./scriptaquaemans01mlgoog_0285.png"; bbox 0 0 2609 3884; ppageno 0'>
   <div class='ocr_carea' id='block_1_1' title="bbox 658 188 2326 255">
    <p class='ocr_par' dir='ltr' id='par_1_1' title="bbox 658 188 2326 255">
     <span class='ocr_line' id='line_1_1' title="bbox 658 188 2326 255; baseline 0.002 -14"><span class='ocrx_word' id='word_1_1' title='bbox 658 188 793 242; x_wconf 89' lang='lat' dir='ltr'>LIB.</span> <span class='ocrx_word' id='word_1_2' title='bbox 831 189 898 246; x_wconf 88' lang='lat' dir='ltr'>V.</span> <span class='ocrx_word' id='word_1_3' title='bbox 954 188 1492 243; x_wconf 79' lang='lat' dir='ltr'>ARGUMENTUM,</span> <span class='ocrx_word' id='word_1_4' title='bbox 1549 188 1703 243; x_wconf 79' lang='lat' dir='ltr'>OAP.</span> <span class='ocrx_word' id='word_1_5' title='bbox 1747 196 1792 245; x_wconf 86' lang='lat'>1.</span> <span class='ocrx_word' id='word_1_6' title='bbox 1848 194 1880 255; x_wconf 62' lang='grc' dir='ltr'>ὅ</span> <span class='ocrx_word' id='word_1_7' title='bbox 1921 198 1967 244; x_wconf 89' lang='grc'>1.</span> <span class='ocrx_word' id='word_1_8' title='bbox 2195 190 2326 254; x_wconf 84' lang='grc'>235</span> 
     </span>
    </p>
   </div>
   <div class='ocr_carea' id='block_1_2' title="bbox 301 346 2378 2537">
    <p class='ocr_par' dir='ltr' id='par_1_2' title="bbox 301 346 2378 2111">
     <span class='ocr_line' id='line_1_2' title="bbox 301 346 2324 419; baseline 0.002 -18"><span class='ocrx_word' id='word_1_9' title='bbox 301 348 532 401; x_wconf 85' lang='lat' dir='ltr'>tuemur</span> <span class='ocrx_word' id='word_1_10' title='bbox 584 346 655 402; x_wconf 91' lang='lat' dir='ltr'>iis</span> <span class='ocrx_word' id='word_1_11' title='bbox 707 346 930 414; x_wconf 89' lang='lat' dir='ltr'>officiis,</span> <span class='ocrx_word' id='word_1_12' title='bbox 989 363 1131 415; x_wconf 84' lang='lat' dir='ltr'>quae</span> <span class='ocrx_word' id='word_1_13' title='bbox 1188 347 1445 402; x_wconf 87' lang='lat' dir='ltr'>oriuntur</span> <span class='ocrx_word' id='word_1_14' title='bbox 1486 348 1806 403; x_wconf 55' lang='lat' dir='ltr'>virtutibus</span> <span class='ocrx_word' id='word_1_15' title='bbox 1878 348 2119 404; x_wconf 83' lang='lat' dir='ltr'>Virtutis</span> <span class='ocrx_word' id='word_1_16' title='bbox 2164 367 2324 419; x_wconf 87' lang='lat' dir='ltr'>prae-</span> 
     </span>
     <span class='ocr_line' id='line_1_3' title="bbox 303 417 2330 488; baseline 0.002 -17"><span class='ocrx_word' id='word_1_17' title='bbox 303 417 576 471; x_wconf 88' lang='lat' dir='ltr'>stantiam</span> <span class='ocrx_word' id='word_1_18' title='bbox 613 418 710 486; x_wconf 86' lang='lat' dir='ltr'>qui</span> <span class='ocrx_word' id='word_1_19' title='bbox 735 436 848 472; x_wconf 91' lang='lat' dir='ltr'>non</span> <span class='ocrx_word' id='word_1_20' title='bbox 875 418 1094 485; x_wconf 82' lang='lat' dir='ltr'>vident,</span> <span class='ocrx_word' id='word_1_21' title='bbox 1133 418 1175 471; x_wconf 91' lang='lat' dir='ltr'>ii</span> <span class='ocrx_word' id='word_1_22' title='bbox 1212 421 1405 472; x_wconf 88' lang='lat' dir='ltr'>tamen</span> <span class='ocrx_word' id='word_1_23' title='bbox 1432 418 1613 488; x_wconf 86' lang='lat' dir='ltr'>gloria</span> <span class='ocrx_word' id='word_1_24' title='bbox 1640 421 1951 487; x_wconf 88' lang='lat' dir='ltr'>moventur,</span> <span class='ocrx_word' id='word_1_25' title='bbox 1982 436 2126 487; x_wconf 89' lang='lat' dir='ltr'>quae</span> <span class='ocrx_word' id='word_1_26' title='bbox 2152 421 2330 475; x_wconf 87' lang='lat' dir='ltr'>habet</span> 
     </span>
     <span class='ocr_line' id='line_1_4' title="bbox 303 487 2325 559; baseline 0.002 -18"><span class='ocrx_word' id='word_1_27' title='bbox 303 487 733 542; x_wconf 87' lang='lat' dir='ltr'>similitudinem</span> <span class='ocrx_word' id='word_1_28' title='bbox 768 488 1101 543; x_wconf 75' lang='lat' dir='ltr'><strong>honestatis,</strong></span> <span class='ocrx_word' id='word_1_29' title='bbox 1175 489 1260 542; x_wconf 85' lang='lat' dir='ltr'>Ex</span> <span class='ocrx_word' id='word_1_30' title='bbox 1295 489 1505 543; x_wconf 82' lang='lat' dir='ltr'>virtute</span> <span class='ocrx_word' id='word_1_31' title='bbox 1545 491 1602 543; x_wconf 91' lang='lat' dir='ltr'>et</span> <span class='ocrx_word' id='word_1_32' title='bbox 1639 490 1888 559; x_wconf 88' lang='lat' dir='ltr'>corporis</span> <span class='ocrx_word' id='word_1_33' title='bbox 1941 490 2100 545; x_wconf 87' lang='lat' dir='ltr'>bonis</span> <span class='ocrx_word' id='word_1_34' title='bbox 2138 508 2325 545; x_wconf 91' lang='lat' dir='ltr'>cumu-</span> 
     </span>
     <span class='ocr_line' id='line_1_5' title="bbox 301 559 2327 629; baseline 0.001 -16"><span class='ocrx_word' id='word_1_35' title='bbox 301 559 455 614; x_wconf 89' lang='lat' dir='ltr'>latur</span> <span class='ocrx_word' id='word_1_36' title='bbox 503 560 561 612; x_wconf 85' lang='lat' dir='ltr'>et</span> <span class='ocrx_word' id='word_1_37' title='bbox 606 559 922 613; x_wconf 72' lang='lat' dir='ltr'>absolvitur</span> <span class='ocrx_word' id='word_1_38' title='bbox 966 561 1274 613; x_wconf 88' lang='lat' dir='ltr'>extremum</span> <span class='ocrx_word' id='word_1_39' title='bbox 1315 561 1373 613; x_wconf 92' lang='lat' dir='ltr'>et</span> <span class='ocrx_word' id='word_1_40' title='bbox 1408 577 1685 613; x_wconf 90' lang='lat' dir='ltr'>summum</span> <span class='ocrx_word' id='word_1_41' title='bbox 1730 561 1964 629; x_wconf 91' lang='lat' dir='ltr'>bonum,</span> <span class='ocrx_word' id='word_1_42' title='bbox 2002 561 2101 615; x_wconf 85' lang='lat' dir='ltr'>sed</span> <span class='ocrx_word' id='word_1_43' title='bbox 2136 563 2327 615; x_wconf 87' lang='lat' dir='ltr'>tamen</span> 
     </span>
     <span class='ocr_line' id='line_1_6' title="bbox 302 629 2327 700; baseline 0.001 -18"><span class='ocrx_word' id='word_1_44' title='bbox 302 630 526 683; x_wconf 90' lang='lat' dir='ltr'>tantum</span> <span class='ocrx_word' id='word_1_45' title='bbox 573 629 772 684; x_wconf 90' lang='lat' dir='ltr'>ceteris</span> <span class='ocrx_word' id='word_1_46' title='bbox 817 630 997 684; x_wconf 84' lang='lat' dir='ltr'>virtus</span> <span class='ocrx_word' id='word_1_47' title='bbox 1044 631 1323 699; x_wconf 89' lang='lat' dir='ltr'>praestat,</span> <span class='ocrx_word' id='word_1_48' title='bbox 1359 631 1449 697; x_wconf 91' lang='lat' dir='ltr'>ut,</span> <span class='ocrx_word' id='word_1_49' title='bbox 1502 630 1599 699; x_wconf 91' lang='lat' dir='ltr'>qui</span> <span class='ocrx_word' id='word_1_50' title='bbox 1636 646 1762 684; x_wconf 89' lang='lat' dir='ltr'>eam</span> <span class='ocrx_word' id='word_1_51' title='bbox 1796 631 2071 699; x_wconf 88' lang='lat' dir='ltr'>habeant,</span> <span class='ocrx_word' id='word_1_52' title='bbox 2108 648 2327 700; x_wconf 81' lang='lat' dir='ltr'><strong>semper</strong></span> 
     </span>
     <span class='ocr_line' id='line_1_7' title="bbox 305 699 2326 782; baseline 0.001 -29"><span class='ocrx_word' id='word_1_53' title='bbox 305 699 420 754; x_wconf 88' lang='lat' dir='ltr'>sint</span> <span class='ocrx_word' id='word_1_54' title='bbox 461 700 619 754; x_wconf 89' lang='lat' dir='ltr'>beati</span> <span class='ocrx_word' id='word_1_55' title='bbox 665 702 808 782; x_wconf 71' lang='lat' dir='ltr'>(cap.</span> <span class='ocrx_word' id='word_1_56' title='bbox 855 704 962 769; x_wconf 86' lang='lat'>24).</span> <span class='ocrx_word' id='word_1_57' title='bbox 1045 701 1130 753; x_wconf 86' lang='lat' dir='ltr'>Ex</span> <span class='ocrx_word' id='word_1_58' title='bbox 1163 701 1273 754; x_wconf 90' lang='lat' dir='ltr'>hac</span> <span class='ocrx_word' id='word_1_59' title='bbox 1323 700 1493 769; x_wconf 90' lang='lat' dir='ltr'>plena</span> <span class='ocrx_word' id='word_1_60' title='bbox 1538 702 1597 755; x_wconf 89' lang='lat' dir='ltr'>et</span> <span class='ocrx_word' id='word_1_61' title='bbox 1648 701 1902 769; x_wconf 88' lang='lat' dir='ltr'>perfecta</span> <span class='ocrx_word' id='word_1_62' title='bbox 1951 701 2326 771; x_wconf 73' lang='lat' dir='ltr'>explicatione</span> 
     </span>
     <span class='ocr_line' id='line_1_8' title="bbox 303 770 2325 842; baseline 0 -18"><span class='ocrx_word' id='word_1_63' title='bbox 303 770 508 824; x_wconf 90' lang='lat' dir='ltr'>summi</span> <span class='ocrx_word' id='word_1_64' title='bbox 551 771 689 825; x_wconf 80' lang='lat' dir='ltr'>boni</span> <span class='ocrx_word' id='word_1_65' title='bbox 735 770 836 826; x_wconf 89' lang='lat' dir='ltr'>alii</span> <span class='ocrx_word' id='word_1_66' title='bbox 877 770 1206 841; x_wconf 75' lang='lat' dir='ltr'>philosophi</span> <span class='ocrx_word' id='word_1_67' title='bbox 1253 771 1561 839; x_wconf 87' lang='lat' dir='ltr'>particulas</span> <span class='ocrx_word' id='word_1_68' title='bbox 1616 772 1888 839; x_wconf 86' lang='lat' dir='ltr'>quasdam</span> <span class='ocrx_word' id='word_1_69' title='bbox 1943 772 2325 842; x_wconf 84' lang='lat' dir='ltr'>adripuerunt‚</span> 
     </span>
     <span class='ocr_line' id='line_1_9' title="bbox 306 840 2325 913; baseline 0.001 -17"><span class='ocrx_word' id='word_1_70' title='bbox 306 840 484 896; x_wconf 88' lang='lat' dir='ltr'>Stoici</span> <span class='ocrx_word' id='word_1_71' title='bbox 520 841 709 896; x_wconf 90' lang='lat' dir='ltr'>omnia</span> <span class='ocrx_word' id='word_1_72' title='bbox 745 841 820 896; x_wconf 90' lang='lat' dir='ltr'>ad</span> <span class='ocrx_word' id='word_1_73' title='bbox 857 858 916 895; x_wconf 89' lang='lat' dir='ltr'>se</span> <span class='ocrx_word' id='word_1_74' title='bbox 952 840 1187 896; x_wconf 86' lang='lat' dir='ltr'>mutatis</span> <span class='ocrx_word' id='word_1_75' title='bbox 1223 841 1543 896; x_wconf 86' lang='lat' dir='ltr'><strong>nominibus</strong></span> <span class='ocrx_word' id='word_1_76' title='bbox 1578 842 1988 896; x_wconf 87' lang='lat' dir='ltr'>transtulerunt</span> <span class='ocrx_word' id='word_1_77' title='bbox 2024 844 2167 913; x_wconf 89' lang='lat' dir='ltr'>(cap.</span> <span class='ocrx_word' id='word_1_78' title='bbox 2216 844 2325 912; x_wconf 80' lang='lat'>25).</span> 
     </span>
     <span class='ocr_line' id='line_1_10' title="bbox 303 911 2325 982; baseline 0.002 -18"><span class='ocrx_word' id='word_1_79' title='bbox 303 911 393 965; x_wconf 90' lang='lat' dir='ltr'>Ad</span> <span class='ocrx_word' id='word_1_80' title='bbox 435 912 607 965; x_wconf 90' lang='lat' dir='ltr'>finem</span> <span class='ocrx_word' id='word_1_81' title='bbox 655 912 931 982; x_wconf 89' lang='lat' dir='ltr'>perducta</span> <span class='ocrx_word' id='word_1_82' title='bbox 975 911 1192 967; x_wconf 87' lang='lat' dir='ltr'>Pisonis</span> <span class='ocrx_word' id='word_1_83' title='bbox 1244 911 1626 981; x_wconf 87' lang='lat' dir='ltr'>disputatione</span> <span class='ocrx_word' id='word_1_84' title='bbox 1671 912 1744 966; x_wconf 88' lang='lat' dir='ltr'>M.</span> <span class='ocrx_word' id='word_1_85' title='bbox 1800 911 1992 967; x_wconf 88' lang='lat' dir='ltr'>Cicero</span> <span class='ocrx_word' id='word_1_86' title='bbox 2038 913 2221 968; x_wconf 84' lang='lat' dir='ltr'>vereri</span> <span class='ocrx_word' id='word_1_87' title='bbox 2266 930 2325 968; x_wconf 89' lang='lat' dir='ltr'>se</span> 
     </span>
     <span class='ocr_line' id='line_1_11' title="bbox 308 981 2323 1054; baseline 0.001 -19"><span class='ocrx_word' id='word_1_88' title='bbox 308 982 472 1049; x_wconf 90' lang='lat' dir='ltr'>dicit,</span> <span class='ocrx_word' id='word_1_89' title='bbox 517 984 581 1036; x_wconf 91' lang='lat' dir='ltr'>ut</span> <span class='ocrx_word' id='word_1_90' title='bbox 614 982 794 1037; x_wconf 82' lang='lat' dir='ltr'>virtus</span> <span class='ocrx_word' id='word_1_91' title='bbox 838 983 1068 1037; x_wconf 87' lang='lat' dir='ltr'>beatam</span> <span class='ocrx_word' id='word_1_92' title='bbox 1103 981 1281 1037; x_wconf 83' lang='lat' dir='ltr'>vitam</span> <span class='ocrx_word' id='word_1_93' title='bbox 1319 982 1539 1037; x_wconf 88' lang='lat' dir='ltr'>efficere</span> <span class='ocrx_word' id='word_1_94' title='bbox 1575 982 1780 1052; x_wconf 87' lang='lat' dir='ltr'>possit,</span> <span class='ocrx_word' id='word_1_95' title='bbox 1818 982 1892 1051; x_wconf 90' lang='lat' dir='ltr'>si,</span> <span class='ocrx_word' id='word_1_96' title='bbox 1938 985 2005 1037; x_wconf 90' lang='lat' dir='ltr'>ut</span> <span class='ocrx_word' id='word_1_97' title='bbox 2037 983 2323 1054; x_wconf 89' lang='lat' dir='ltr'>Peripate-</span> 
     </span>
     <span class='ocr_line' id='line_1_12' title="bbox 304 1052 2324 1137; baseline 0.001 -30"><span class='ocrx_word' id='word_1_98' title='bbox 304 1052 406 1107; x_wconf 89' lang='lat' dir='ltr'>tici</span> <span class='ocrx_word' id='word_1_99' title='bbox 441 1054 669 1135; x_wconf 75' lang='lat' dir='ltr'>putent,</span> <span class='ocrx_word' id='word_1_100' title='bbox 707 1053 820 1135; x_wconf 73' lang='lat' dir='ltr'>alia</span> <span class='ocrx_word' id='word_1_101' title='bbox 856 1053 1008 1135; x_wconf 74' lang='lat' dir='ltr'>bona</span> <span class='ocrx_word' id='word_1_102' title='bbox 1044 1055 1102 1107; x_wconf 89' lang='lat' dir='ltr'>et</span> <span class='ocrx_word' id='word_1_103' title='bbox 1137 1053 1291 1107; x_wconf 87' lang='lat' dir='ltr'>mala</span> <span class='ocrx_word' id='word_1_104' title='bbox 1322 1052 1443 1135; x_wconf 77' lang='lat' dir='ltr'>sint</span> <span class='ocrx_word' id='word_1_105' title='bbox 1474 1056 1716 1135; x_wconf 45' lang='lat' dir='ltr'>praeter·</span> <span class='ocrx_word' id='word_1_106' title='bbox 1734 1053 2090 1136; x_wconf 75' lang='lat' dir='ltr'>honestatem</span> <span class='ocrx_word' id='word_1_107' title='bbox 2118 1056 2177 1136; x_wconf 75' lang='lat' dir='ltr'>et</span> <span class='ocrx_word' id='word_1_108' title='bbox 2209 1056 2324 1137; x_wconf 77' lang='lat' dir='ltr'>tur·</span> 
     </span>
     <span class='ocr_line' id='line_1_13' title="bbox 304 1123 2326 1275; baseline 0 -26"><span class='ocrx_word' id='word_1_109' title='bbox 304 1124 707 1249; x_wconf 48' lang='lat' dir='ltr'>{swas</span> <span class='ocrx_word' id='word_1_110' title='bbox 727 1123 1413 1275; x_wconf 57' lang='lat' dir='ltr'>{53m¹lss¹1¹‚3¹2s1¹²3}¹012³&lt;{31²</span> <span class='ocrx_word' id='word_1_111' title='bbox 1416 1141 1460 1249; x_wconf 72' lang='lat'>⁹.</span> <span class='ocrx_word' id='word_1_112' title='bbox 1488 1124 2006 1264; x_wconf 53' lang='grc' dir='ltr'>ῒωῖἕῖἓέζὲἷξῖι</span> <span class='ocrx_word' id='word_1_113' title='bbox 2027 1124 2326 1250; x_wconf 57' lang='grc' dir='ltr'>ἳῗῑῖῑὲξὲἓ</span> 
     </span>
     <span class='ocr_line' id='line_1_14' title="bbox 305 1264 2327 1336; baseline -0 -16"><span class='ocrx_word' id='word_1_114' title='bbox 305 1265 685 1335; x_wconf 78' lang='lat' dir='ltr'>appellentur,</span> <span class='ocrx_word' id='word_1_115' title='bbox 737 1282 880 1334; x_wconf 89' lang='lat' dir='ltr'>quae</span> <span class='ocrx_word' id='word_1_116' title='bbox 935 1283 970 1321; x_wconf 85' lang='lat' dir='ltr'>a</span> <span class='ocrx_word' id='word_1_117' title='bbox 1024 1264 1421 1334; x_wconf 82' lang='lat' dir='ltr'>Peripateticis</span> <span class='ocrx_word' id='word_1_118' title='bbox 1476 1265 1627 1319; x_wconf 90' lang='lat' dir='ltr'>mala</span> <span class='ocrx_word' id='word_1_119' title='bbox 1682 1266 1827 1336; x_wconf 91' lang='lat' dir='ltr'>(cap.</span> <span class='ocrx_word' id='word_1_120' title='bbox 1876 1269 1981 1335; x_wconf 80' lang='lat'>26).</span> <span class='ocrx_word' id='word_1_121' title='bbox 2073 1265 2327 1321; x_wconf 84' lang='lat' dir='ltr'>Ciceroni</span> 
     </span>
     <span class='ocr_line' id='line_1_15' title="bbox 307 1334 2324 1405; baseline 0 -14"><span class='ocrx_word' id='word_1_122' title='bbox 307 1334 488 1391; x_wconf 89' lang='lat' dir='ltr'>Stoici</span> <span class='ocrx_word' id='word_1_123' title='bbox 523 1336 932 1391; x_wconf 72' lang='lat' dir='ltr'>constantiores</span> <span class='ocrx_word' id='word_1_124' title='bbox 968 1336 1230 1391; x_wconf 88' lang='lat' dir='ltr'>videntur</span> <span class='ocrx_word' id='word_1_125' title='bbox 1262 1352 1369 1390; x_wconf 91' lang='lat' dir='ltr'>nec</span> <span class='ocrx_word' id='word_1_126' title='bbox 1405 1336 1576 1389; x_wconf 87' lang='lat' dir='ltr'>b&#39;eato</span> <span class='ocrx_word' id='word_1_127' title='bbox 1616 1336 1910 1405; x_wconf 91' lang='lat' dir='ltr'>quisquam</span> <span class='ocrx_word' id='word_1_128' title='bbox 1950 1336 2167 1391; x_wconf 86' lang='lat' dir='ltr'>beatior</span> <span class='ocrx_word' id='word_1_129' title='bbox 2204 1353 2324 1391; x_wconf 89' lang='lat' dir='ltr'>esse</span> 
     </span>
     <span class='ocr_line' id='line_1_16' title="bbox 305 1405 2325 1477; baseline 0 -16"><span class='ocrx_word' id='word_1_130' title='bbox 305 1422 468 1476; x_wconf 87' lang='lat' dir='ltr'>posse</span> <span class='ocrx_word' id='word_1_131' title='bbox 509 1408 652 1476; x_wconf 88' lang='lat' dir='ltr'>(cap.</span> <span class='ocrx_word' id='word_1_132' title='bbox 691 1412 759 1461; x_wconf 80' lang='lat'>27</span> <span class='ocrx_word' id='word_1_133' title='bbox 797 1409 856 1461; x_wconf 90' lang='lat' dir='ltr'>et</span> <span class='ocrx_word' id='word_1_134' title='bbox 890 1410 998 1477; x_wconf 78' lang='lat'>28).</span> <span class='ocrx_word' id='word_1_135' title='bbox 1061 1408 1259 1475; x_wconf 89' lang='lat' dir='ltr'>Itaque</span> <span class='ocrx_word' id='word_1_136' title='bbox 1286 1405 1419 1460; x_wconf 90' lang='lat' dir='ltr'>Piso</span> <span class='ocrx_word' id='word_1_137' title='bbox 1455 1422 1605 1460; x_wconf 85' lang='lat' dir='ltr'>novo</span> <span class='ocrx_word' id='word_1_138' title='bbox 1640 1409 1867 1476; x_wconf 89' lang='lat' dir='ltr'>sumpto</span> <span class='ocrx_word' id='word_1_139' title='bbox 1904 1407 2133 1462; x_wconf 86' lang='lat' dir='ltr'>exordio</span> <span class='ocrx_word' id='word_1_140' title='bbox 2168 1410 2325 1477; x_wconf 85' lang='lat' dir='ltr'>post·</span> 
     </span>
     <span class='ocr_line' id='line_1_17' title="bbox 306 1476 2327 1547; baseline 0 -16"><span class='ocrx_word' id='word_1_141' title='bbox 306 1495 476 1546; x_wconf 88' lang='lat' dir='ltr'>quam</span> <span class='ocrx_word' id='word_1_142' title='bbox 511 1493 734 1532; x_wconf 91' lang='lat' dir='ltr'>omnem</span> <span class='ocrx_word' id='word_1_143' title='bbox 768 1476 1189 1547; x_wconf 81' lang='lat' dir='ltr'>philosophiam</span> <span class='ocrx_word' id='word_1_144' title='bbox 1233 1476 1294 1530; x_wconf 92' lang='lat' dir='ltr'>in</span> <span class='ocrx_word' id='word_1_145' title='bbox 1329 1476 1451 1531; x_wconf 82' lang='lat' dir='ltr'>vita</span> <span class='ocrx_word' id='word_1_146' title='bbox 1490 1477 1660 1531; x_wconf 88' lang='lat' dir='ltr'>beata</span> <span class='ocrx_word' id='word_1_147' title='bbox 1698 1477 2077 1545; x_wconf 88' lang='lat' dir='ltr'>comparanda</span> <span class='ocrx_word' id='word_1_148' title='bbox 2113 1494 2327 1533; x_wconf 74' lang='lat' dir='ltr'>versari</span> 
     </span>
     <span class='ocr_line' id='line_1_18' title="bbox 305 1547 2378 1618; baseline 0 -16"><span class='ocrx_word' id='word_1_149' title='bbox 305 1547 570 1615; x_wconf 75' lang='lat' dir='ltr'>ostendit,</span> <span class='ocrx_word' id='word_1_150' title='bbox 601 1548 820 1602; x_wconf 87' lang='lat' dir='ltr'>Stoicos</span> <span class='ocrx_word' id='word_1_151' title='bbox 847 1551 1022 1618; x_wconf 86' lang='lat' dir='ltr'>negat</span> <span class='ocrx_word' id='word_1_152' title='bbox 1047 1548 1207 1602; x_wconf 87' lang='lat' dir='ltr'>novis</span> <span class='ocrx_word' id='word_1_153' title='bbox 1237 1547 1557 1601; x_wconf 79' lang='lat' dir='ltr'>nominibus</span> <span class='ocrx_word' id='word_1_154' title='bbox 1585 1548 2021 1602; x_wconf 82' lang='lat' dir='ltr'>inconstantiam</span> <span class='ocrx_word' id='word_1_155' title='bbox 2049 1547 2327 1617; x_wconf 87' lang='lat' dir='ltr'>effugisse,</span> <span class='ocrx_word' id='word_1_156' title='bbox 2368 1552 2378 1565; x_wconf 88' lang='lat'><strong><em>‘</em></strong></span> 
     </span>
     <span class='ocr_line' id='line_1_19' title="bbox 305 1617 2329 1688; baseline -0.001 -14"><span class='ocrx_word' id='word_1_157' title='bbox 305 1618 354 1674; x_wconf 89' lang='lat' dir='ltr'>si</span> <span class='ocrx_word' id='word_1_158' title='bbox 403 1636 517 1688; x_wconf 90' lang='lat' dir='ltr'>qua</span> <span class='ocrx_word' id='word_1_159' title='bbox 569 1617 739 1673; x_wconf 79' lang='lat' dir='ltr'>fuerit</span> <span class='ocrx_word' id='word_1_160' title='bbox 783 1619 935 1687; x_wconf 88' lang='lat' dir='ltr'>apud</span> <span class='ocrx_word' id='word_1_161' title='bbox 977 1620 1199 1673; x_wconf 84' lang='lat' dir='ltr'>veteres</span> <span class='ocrx_word' id='word_1_162' title='bbox 1245 1619 1393 1687; x_wconf 90' lang='lat' dir='ltr'>(cap.</span> <span class='ocrx_word' id='word_1_163' title='bbox 1440 1620 1558 1686; x_wconf 82' lang='lat'>29),</span> <span class='ocrx_word' id='word_1_164' title='bbox 1618 1618 1719 1671; x_wconf 86' lang='lat' dir='ltr'>sed</span> <span class='ocrx_word' id='word_1_165' title='bbox 1762 1617 2169 1688; x_wconf 83' lang='lat' dir='ltr'>Peripateticos</span> <span class='ocrx_word' id='word_1_166' title='bbox 2220 1618 2329 1673; x_wconf 89' lang='lat' dir='ltr'>sibi</span> 
     </span>
     <span class='ocr_line' id='line_1_20' title="bbox 305 1688 2326 1757; baseline -0 -13"><span class='ocrx_word' id='word_1_167' title='bbox 305 1692 588 1755; x_wconf 87' lang='lat' dir='ltr'>constare;</span> <span class='ocrx_word' id='word_1_168' title='bbox 624 1705 805 1757; x_wconf 88' lang='lat' dir='ltr'>neque</span> <span class='ocrx_word' id='word_1_169' title='bbox 844 1689 991 1742; x_wconf 90' lang='lat' dir='ltr'>enim</span> <span class='ocrx_word' id='word_1_170' title='bbox 1030 1706 1126 1743; x_wconf 87' lang='lat' dir='ltr'>eos</span> <span class='ocrx_word' id='word_1_171' title='bbox 1161 1689 1288 1755; x_wconf 88' lang='lat' dir='ltr'>illa,</span> <span class='ocrx_word' id='word_1_172' title='bbox 1340 1705 1482 1757; x_wconf 90' lang='lat' dir='ltr'>quae</span> <span class='ocrx_word' id='word_1_173' title='bbox 1532 1689 1678 1743; x_wconf 87' lang='lat' dir='ltr'>bona</span> <span class='ocrx_word' id='word_1_174' title='bbox 1716 1688 1964 1757; x_wconf 86' lang='lat' dir='ltr'>corporis</span> <span class='ocrx_word' id='word_1_175' title='bbox 2002 1690 2062 1743; x_wconf 91' lang='lat' dir='ltr'>et</span> <span class='ocrx_word' id='word_1_176' title='bbox 2098 1690 2326 1743; x_wconf 86' lang='lat' dir='ltr'>externa</span> 
     </span>
     <span class='ocr_line' id='line_1_21' title="bbox 305 1758 2326 1829; baseline -0 -15"><span class='ocrx_word' id='word_1_177' title='bbox 305 1759 622 1829; x_wconf 88' lang='lat' dir='ltr'>appellent,</span> <span class='ocrx_word' id='word_1_178' title='bbox 656 1759 836 1829; x_wconf 83' lang='lat' dir='ltr'>pluris</span> <span class='ocrx_word' id='word_1_179' title='bbox 872 1759 1196 1826; x_wconf 89' lang='lat' dir='ltr'>aestimare,</span> <span class='ocrx_word' id='word_1_180' title='bbox 1249 1776 1419 1827; x_wconf 90' lang='lat' dir='ltr'>quam</span> <span class='ocrx_word' id='word_1_181' title='bbox 1458 1758 1640 1813; x_wconf 89' lang='lat' dir='ltr'>Stoici</span> <span class='ocrx_word' id='word_1_182' title='bbox 1674 1759 1970 1813; x_wconf 89' lang='lat' dir='ltr'>commoda</span> <span class='ocrx_word' id='word_1_183' title='bbox 2006 1758 2326 1828; x_wconf 87' lang='lat' dir='ltr'>aestiment,</span> 
     </span>
     <span class='ocr_line' id='line_1_22' title="bbox 305 1828 2327 1900; baseline -0.001 -15"><span class='ocrx_word' id='word_1_184' title='bbox 305 1834 389 1900; x_wconf 87' lang='lat' dir='ltr'>et,</span> <span class='ocrx_word' id='word_1_185' title='bbox 424 1833 490 1884; x_wconf 89' lang='lat' dir='ltr'>ut</span> <span class='ocrx_word' id='word_1_186' title='bbox 526 1832 746 1885; x_wconf 89' lang='lat' dir='ltr'>ceterae</span> <span class='ocrx_word' id='word_1_187' title='bbox 781 1847 871 1885; x_wconf 89' lang='lat' dir='ltr'>res</span> <span class='ocrx_word' id='word_1_188' title='bbox 909 1846 977 1884; x_wconf 87' lang='lat' dir='ltr'>ex</span> <span class='ocrx_word' id='word_1_189' title='bbox 1012 1830 1319 1899; x_wconf 87' lang='lat' dir='ltr'>praecipua</span> <span class='ocrx_word' id='word_1_190' title='bbox 1354 1830 1518 1899; x_wconf 85' lang='lat' dir='ltr'>parte</span> <span class='ocrx_word' id='word_1_191' title='bbox 1556 1830 1937 1899; x_wconf 86' lang='lat' dir='ltr'>appellentur,</span> <span class='ocrx_word' id='word_1_192' title='bbox 1984 1828 2067 1883; x_wconf 91' lang='lat' dir='ltr'>sic</span> <span class='ocrx_word' id='word_1_193' title='bbox 2110 1829 2233 1883; x_wconf 87' lang='lat' dir='ltr'>fieri</span> <span class='ocrx_word' id='word_1_194' title='bbox 2266 1830 2327 1883; x_wconf 88' lang='lat' dir='ltr'>in</span> 
     </span>
     <span class='ocr_line' id='line_1_23' title="bbox 301 1900 2325 1970; baseline -0.001 -14"><span class='ocrx_word' id='word_1_195' title='bbox 301 1901 508 1956; x_wconf 88' lang='lat' dir='ltr'>beatae</span> <span class='ocrx_word' id='word_1_196' title='bbox 545 1900 698 1956; x_wconf 88' lang='lat' dir='ltr'>vitae</span> <span class='ocrx_word' id='word_1_197' title='bbox 735 1900 1128 1956; x_wconf 85' lang='lat' dir='ltr'>aestimatione</span> <span class='ocrx_word' id='word_1_198' title='bbox 1157 1902 1218 1955; x_wconf 89' lang='lat' dir='ltr'>et</span> <span class='ocrx_word' id='word_1_199' title='bbox 1245 1900 1629 1970; x_wconf 88' lang='lat' dir='ltr'>appellatione</span> <span class='ocrx_word' id='word_1_200' title='bbox 1658 1902 1805 1969; x_wconf 88' lang='lat' dir='ltr'>(cap.</span> <span class='ocrx_word' id='word_1_201' title='bbox 1834 1903 1943 1969; x_wconf 86' lang='lat'>30).</span> <span class='ocrx_word' id='word_1_202' title='bbox 2002 1900 2325 1968; x_wconf 88' lang='lat' dir='ltr'>Sapientem</span> 
     </span>
     <span class='ocr_line' id='line_1_24' title="bbox 305 1970 2325 2041; baseline 0 -16"><span class='ocrx_word' id='word_1_203' title='bbox 305 1972 431 2041; x_wconf 86' lang='lat' dir='ltr'>plus</span> <span class='ocrx_word' id='word_1_204' title='bbox 465 1970 603 2026; x_wconf 91' lang='lat' dir='ltr'>boni</span> <span class='ocrx_word' id='word_1_205' title='bbox 635 1971 872 2039; x_wconf 85' lang='lat' dir='ltr'>habere,</span> <span class='ocrx_word' id='word_1_206' title='bbox 922 1989 1049 2026; x_wconf 90' lang='lat' dir='ltr'>cum</span> <span class='ocrx_word' id='word_1_207' title='bbox 1093 1970 1363 2025; x_wconf 84' lang='lat' dir='ltr'>virtutem</span> <span class='ocrx_word' id='word_1_208' title='bbox 1406 1970 1642 2037; x_wconf 92' lang='lat' dir='ltr'>habeat,</span> <span class='ocrx_word' id='word_1_209' title='bbox 1687 1987 1791 2024; x_wconf 89' lang='lat' dir='ltr'>nec</span> <span class='ocrx_word' id='word_1_210' title='bbox 1836 1972 2032 2024; x_wconf 90' lang='lat' dir='ltr'>tamen</span> <span class='ocrx_word' id='word_1_211' title='bbox 2069 1970 2325 2025; x_wconf 90' lang='lat' dir='ltr'>omnibus</span> 
     </span>
     <span class='ocr_line' id='line_1_25' title="bbox 305 2041 1651 2111; baseline 0 -16"><span class='ocrx_word' id='word_1_212' title='bbox 305 2041 470 2096; x_wconf 87' lang='lat' dir='ltr'>malis</span> <span class='ocrx_word' id='word_1_213' title='bbox 507 2058 726 2111; x_wconf 88' lang='lat' dir='ltr'>semper</span> <span class='ocrx_word' id='word_1_214' title='bbox 761 2042 1002 2096; x_wconf 89' lang='lat' dir='ltr'>liberum</span> <span class='ocrx_word' id='word_1_215' title='bbox 1039 2058 1160 2095; x_wconf 89' lang='lat' dir='ltr'>esse</span> <span class='ocrx_word' id='word_1_216' title='bbox 1197 2044 1341 2110; x_wconf 89' lang='lat' dir='ltr'>(cap.</span> <span class='ocrx_word' id='word_1_217' title='bbox 1381 2043 1651 2110; x_wconf 82' lang='lat'>31—32).</span> 
     </span>
    </p>

    <p class='ocr_par' dir='ltr' id='par_1_3' title="bbox 303 2111 2327 2537">
     <span class='ocr_line' id='line_1_26' title="bbox 449 2111 2326 2183; baseline -0.001 -16"><span class='ocrx_word' id='word_1_218' title='bbox 449 2112 640 2168; x_wconf 92' lang='lat' dir='ltr'>Sermo</span> <span class='ocrx_word' id='word_1_219' title='bbox 676 2112 904 2167; x_wconf 87' lang='lat' dir='ltr'>habitus</span> <span class='ocrx_word' id='word_1_220' title='bbox 949 2112 1178 2183; x_wconf 86' lang='lat' dir='ltr'>fingitur</span> <span class='ocrx_word' id='word_1_221' title='bbox 1215 2115 1381 2180; x_wconf 88' lang='lat' dir='ltr'>(anno</span> <span class='ocrx_word' id='word_1_222' title='bbox 1420 2129 1468 2166; x_wconf 91' lang='lat' dir='ltr'>a.</span> <span class='ocrx_word' id='word_1_223' title='bbox 1510 2111 1633 2164; x_wconf 90' lang='lat' dir='ltr'>Chr.</span> <span class='ocrx_word' id='word_1_224' title='bbox 1672 2130 1725 2165; x_wconf 77' lang='lat' dir='ltr'>n.</span> <span class='ocrx_word' id='word_1_225' title='bbox 1765 2114 1880 2179; x_wconf 79' lang='lat'>¹79),</span> <span class='ocrx_word' id='word_1_226' title='bbox 1924 2128 2033 2178; x_wconf 89' lang='lat' dir='ltr'>quo</span> <span class='ocrx_word' id='word_1_227' title='bbox 2069 2112 2326 2180; x_wconf 90' lang='lat' dir='ltr'>tempore</span> 
     </span>
     <span class='ocr_line' id='line_1_27' title="bbox 307 2180 2325 2252; baseline -0.001 -14"><span class='ocrx_word' id='word_1_228' title='bbox 307 2182 501 2239; x_wconf 87' lang='lat' dir='ltr'>Cicero</span> <span class='ocrx_word' id='word_1_229' title='bbox 545 2184 676 2252; x_wconf 89' lang='lat' dir='ltr'>post</span> <span class='ocrx_word' id='word_1_230' title='bbox 721 2182 1107 2237; x_wconf 81' lang='lat' dir='ltr'>defensionem</span> <span class='ocrx_word' id='word_1_231' title='bbox 1159 2182 1280 2237; x_wconf 85' lang='lat' dir='ltr'>Sex.</span> <span class='ocrx_word' id='word_1_232' title='bbox 1320 2182 1512 2236; x_wconf 88' lang='lat' dir='ltr'>Roscii</span> <span class='ocrx_word' id='word_1_233' title='bbox 1548 2199 1606 2236; x_wconf 88' lang='lat' dir='ltr'>se</span> <span class='ocrx_word' id='word_1_234' title='bbox 1643 2180 1983 2236; x_wconf 87' lang='lat' dir='ltr'>valetudinis</span> <span class='ocrx_word' id='word_1_235' title='bbox 2020 2184 2081 2236; x_wconf 92' lang='lat' dir='ltr'>et</span> <span class='ocrx_word' id='word_1_236' title='bbox 2116 2182 2325 2237; x_wconf 87' lang='lat' dir='ltr'>studio·</span> 
     </span>
     <span class='ocr_line' id='line_1_28' title="bbox 304 2252 2326 2309; baseline -0.001 -1"><span class='ocrx_word' id='word_1_237' title='bbox 304 2272 426 2307; x_wconf 90' lang='lat' dir='ltr'>rum</span> <span class='ocrx_word' id='word_1_238' title='bbox 464 2271 634 2308; x_wconf 89' lang='lat' dir='ltr'>causa</span> <span class='ocrx_word' id='word_1_239' title='bbox 668 2253 728 2307; x_wconf 88' lang='lat' dir='ltr'>in</span> <span class='ocrx_word' id='word_1_240' title='bbox 765 2253 1060 2309; x_wconf 84' lang='lat' dir='ltr'>Graeciam</span> <span class='ocrx_word' id='word_1_241' title='bbox 1098 2254 1415 2308; x_wconf 87' lang='lat' dir='ltr'>contulerat</span> <span class='ocrx_word' id='word_1_242' title='bbox 1452 2254 1511 2307; x_wconf 92' lang='lat' dir='ltr'>et</span> <span class='ocrx_word' id='word_1_243' title='bbox 1544 2252 1779 2306; x_wconf 90' lang='lat' dir='ltr'>Athenis</span> <span class='ocrx_word' id='word_1_244' title='bbox 1818 2269 1915 2307; x_wconf 87' lang='lat' dir='ltr'>sex</span> <span class='ocrx_word' id='word_1_245' title='bbox 1951 2268 2169 2306; x_wconf 89' lang='lat' dir='ltr'>menses</span> <span class='ocrx_word' id='word_1_246' title='bbox 2198 2270 2326 2307; x_wconf 89' lang='lat' dir='ltr'>cum</span> 
     </span>
     <span class='ocr_line' id='line_1_29' title="bbox 305 2322 2327 2394; baseline -0.001 -15"><span class='ocrx_word' id='word_1_247' title='bbox 305 2324 582 2379; x_wconf 86' lang='lat' dir='ltr'>Antiocho</span> <span class='ocrx_word' id='word_1_248' title='bbox 623 2323 740 2377; x_wconf 82' lang='lat' dir='ltr'>¹fuit</span> <span class='ocrx_word' id='word_1_249' title='bbox 782 2324 1139 2393; x_wconf 89' lang='lat' dir='ltr'>studiumque</span> <span class='ocrx_word' id='word_1_250' title='bbox 1184 2322 1579 2394; x_wconf 88' lang='lat' dir='ltr'>philosophiae</span> <span class='ocrx_word' id='word_1_251' title='bbox 1630 2340 1665 2377; x_wconf 92' lang='lat' dir='ltr'>a</span> <span class='ocrx_word' id='word_1_252' title='bbox 1714 2322 1896 2391; x_wconf 89' lang='lat' dir='ltr'>prima</span> <span class='ocrx_word' id='word_1_253' title='bbox 1941 2322 2327 2377; x_wconf 88' lang='lat' dir='ltr'>adulescentia</span> 
     </span>
     <span class='ocr_line' id='line_1_30' title="bbox 304 2393 2322 2462; baseline -0.002 -12"><span class='ocrx_word' id='word_1_254' title='bbox 304 2395 519 2450; x_wconf 88' lang='lat' dir='ltr'>cultum</span> <span class='ocrx_word' id='word_1_255' title='bbox 552 2395 662 2449; x_wconf 91' lang='lat' dir='ltr'>hoc</span> <span class='ocrx_word' id='word_1_256' title='bbox 689 2397 920 2450; x_wconf 88' lang='lat' dir='ltr'>auctore</span> <span class='ocrx_word' id='word_1_257' title='bbox 948 2397 1008 2450; x_wconf 87' lang='lat' dir='ltr'>et</span> <span class='ocrx_word' id='word_1_258' title='bbox 1034 2396 1264 2449; x_wconf 87' lang='lat' dir='ltr'>doctore</span> <span class='ocrx_word' id='word_1_259' title='bbox 1295 2393 1593 2449; x_wconf 85' lang='lat' dir='ltr'>renovavit</span> <span class='ocrx_word' id='word_1_260' title='bbox 1628 2394 1803 2461; x_wconf 88' lang='lat' dir='ltr'>(Brut.</span> <span class='ocrx_word' id='word_1_261' title='bbox 1834 2398 1919 2447; x_wconf 85' lang='lat'>91.</span> <span class='ocrx_word' id='word_1_262' title='bbox 1950 2398 2072 2462; x_wconf 81' lang='lat'>315,</span> <span class='ocrx_word' id='word_1_263' title='bbox 2110 2393 2181 2447; x_wconf 87' lang='lat' dir='ltr'>de</span> <span class='ocrx_word' id='word_1_264' title='bbox 2208 2395 2322 2447; x_wconf 91' lang='lat' dir='ltr'>nat.</span> 
     </span>
     <span class='ocr_line' id='line_1_31' title="bbox 303 2464 1187 2537; baseline 0 -18"><span class='ocrx_word' id='word_1_265' title='bbox 303 2466 358 2521; x_wconf 81' lang='lat' dir='ltr'>d.</span> <span class='ocrx_word' id='word_1_266' title='bbox 394 2466 422 2519; x_wconf 95' lang='lat' dir='ltr'>I</span> <span class='ocrx_word' id='word_1_267' title='bbox 457 2471 508 2521; x_wconf 84' lang='lat'>3.</span> <span class='ocrx_word' id='word_1_268' title='bbox 547 2473 606 2535; x_wconf 85' lang='grc'>6,</span> <span class='ocrx_word' id='word_1_269' title='bbox 642 2465 788 2519; x_wconf 89' lang='lat' dir='ltr'>Plut.</span> <span class='ocrx_word' id='word_1_270' title='bbox 826 2466 925 2520; x_wconf 80' lang='lat' dir='ltr'>vit.</span> <span class='ocrx_word' id='word_1_271' title='bbox 965 2464 1076 2520; x_wconf 84' lang='lat' dir='ltr'>Cic.</span> <span class='ocrx_word' id='word_1_272' title='bbox 1116 2468 1187 2537; x_wconf 87' lang='lat'>4).</span> 
     </span>
    </p>
   </div>
   <div class='ocr_carea' id='block_1_3' title="bbox 1099 2578 1524 2587">
    <p class='ocr_par' dir='ltr' id='par_1_4' title="bbox 1099 2578 1524 2587">
     <span class='ocr_line' id='line_1_32' title="bbox 1099 2578 1524 2587; baseline 0 1297"><span class='ocrx_word' id='word_1_273' title='bbox 1099 2578 1524 2587; x_wconf 95' lang='lat' dir='ltr'> </span> 
     </span>
    </p>
   </div>
   <div class='ocr_carea' id='block_1_4' title="bbox 228 2640 2399 3523">
    <p class='ocr_par' dir='ltr' id='par_1_5' title="bbox 301 2640 2399 3013">
     <span class='ocr_line' id='line_1_33' title="bbox 437 2640 2399 2765; baseline -0.002 -35"><span class='ocrx_word' id='word_1_274' title='bbox 437 2662 604 2730; x_wconf 86' lang='lat' dir='ltr'>Cum</span> <span class='ocrx_word' id='word_1_275' title='bbox 667 2665 989 2729; x_wconf 86' lang='lat' dir='ltr'>audissem</span> <span class='ocrx_word' id='word_1_276' title='bbox 1060 2663 1488 2748; x_wconf 84' lang='lat' dir='ltr'>Antiochum,</span> <span class='ocrx_word' id='word_1_277' title='bbox 1565 2662 1793 2747; x_wconf 87' lang='lat' dir='ltr'>Brute,</span> <span class='ocrx_word' id='word_1_278' title='bbox 1865 2666 1942 2727; x_wconf 90' lang='lat' dir='ltr'>ut</span> <span class='ocrx_word' id='word_1_279' title='bbox 2013 2640 2399 2765; x_wconf 63' lang='lat' dir='ltr'>solebam,}</span> 
     </span>
     <span class='ocr_line' id='line_1_34' title="bbox 303 2750 2323 2837; baseline -0.001 -18"><span class='ocrx_word' id='word_1_280' title='bbox 303 2776 452 2819; x_wconf 91' lang='lat' dir='ltr'>cum</span> <span class='ocrx_word' id='word_1_281' title='bbox 514 2752 602 2818; x_wconf 91' lang='lat' dir='ltr'>M.</span> <span class='ocrx_word' id='word_1_282' title='bbox 659 2752 895 2818; x_wconf 89' lang='lat' dir='ltr'>Pisone</span> <span class='ocrx_word' id='word_1_283' title='bbox 950 2754 1019 2817; x_wconf 87' lang='lat' dir='ltr'>in</span> <span class='ocrx_word' id='word_1_284' title='bbox 1074 2775 1149 2818; x_wconf 91' lang='lat' dir='ltr'>eo</span> <span class='ocrx_word' id='word_1_285' title='bbox 1205 2752 1579 2837; x_wconf 83' lang='lat' dir='ltr'>gymnasio,</span> <span class='ocrx_word' id='word_1_286' title='bbox 1644 2750 1816 2835; x_wconf 88' lang='lat' dir='ltr'>quod</span> <span class='ocrx_word' id='word_1_287' title='bbox 1873 2750 2323 2816; x_wconf 89' lang='lat' dir='ltr'>Ptolomaeum</span> 
     </span>
     <span class='ocr_line' id='line_1_35' title="bbox 303 2838 2320 2925; baseline -0.002 -18"><span class='ocrx_word' id='word_1_288' title='bbox 303 2844 595 2925; x_wconf 84' lang='lat' dir='ltr'>vocatur,</span> <span class='ocrx_word' id='word_1_289' title='bbox 649 2862 902 2925; x_wconf 87' lang='lat' dir='ltr'>unaque</span> <span class='ocrx_word' id='word_1_290' title='bbox 946 2841 1282 2906; x_wconf 89' lang='lat' dir='ltr'>nobiscum</span> <span class='ocrx_word' id='word_1_291' title='bbox 1330 2839 1403 2916; x_wconf 84' lang='lat' dir='ltr'>Q.</span> <span class='ocrx_word' id='word_1_292' title='bbox 1448 2840 1650 2904; x_wconf 84' lang='lat' dir='ltr'>frater</span> <span class='ocrx_word' id='word_1_293' title='bbox 1696 2843 1763 2903; x_wconf 92' lang='lat' dir='ltr'>et</span> <span class='ocrx_word' id='word_1_294' title='bbox 1807 2838 1879 2902; x_wconf 82' lang='lat' dir='ltr'>T.</span> <span class='ocrx_word' id='word_1_295' title='bbox 1925 2838 2320 2922; x_wconf 86' lang='lat' dir='ltr'>Pomponius</span> 
     </span>
     <span class='ocr_line' id='line_1_36' title="bbox 301 2928 2323 3013; baseline -0.001 -19"><span class='ocrx_word' id='word_1_296' title='bbox 301 2928 666 3013; x_wconf 88' lang='lat' dir='ltr'>Luciusque</span> <span class='ocrx_word' id='word_1_297' title='bbox 722 2928 973 3013; x_wconf 86' lang='lat' dir='ltr'>Cicero,</span> <span class='ocrx_word' id='word_1_298' title='bbox 1024 2929 1228 2993; x_wconf 85' lang='lat' dir='ltr'>frater</span> <span class='ocrx_word' id='word_1_299' title='bbox 1280 2932 1504 2994; x_wconf 91' lang='lat' dir='ltr'>noster</span> <span class='ocrx_word' id='word_1_300' title='bbox 1558 2928 1942 3012; x_wconf 83' lang='lat' dir='ltr'>cognatione</span> <span class='ocrx_word' id='word_1_301' title='bbox 1988 2928 2323 3012; x_wconf 78' lang='lat' dir='ltr'>patrueliS,</span> 
     </span>
    </p>

    <p class='ocr_par' dir='ltr' id='par_1_6' title="bbox 250 3016 2323 3451">
     <span class='ocr_line' id='line_1_37' title="bbox 250 3016 2323 3103; baseline -0.002 -19"><span class='ocrx_word' id='word_1_302' title='bbox 250 3045 276 3086; x_wconf 80' lang='lat'><strong>5</strong></span> <span class='ocrx_word' id='word_1_303' title='bbox 303 3040 522 3083; x_wconf 89' lang='lat' dir='ltr'>amore</span> <span class='ocrx_word' id='word_1_304' title='bbox 568 3039 942 3103; x_wconf 87' lang='lat' dir='ltr'>germanus,</span> <span class='ocrx_word' id='word_1_305' title='bbox 997 3016 1452 3081; x_wconf 89' lang='lat' dir='ltr'>constituimus</span> <span class='ocrx_word' id='word_1_306' title='bbox 1498 3017 1669 3080; x_wconf 87' lang='lat' dir='ltr'>inter</span> <span class='ocrx_word' id='word_1_307' title='bbox 1712 3037 1861 3100; x_wconf 88' lang='lat' dir='ltr'>nos,</span> <span class='ocrx_word' id='word_1_308' title='bbox 1914 3018 1990 3079; x_wconf 90' lang='lat' dir='ltr'>ut</span> <span class='ocrx_word' id='word_1_309' title='bbox 2034 3016 2323 3080; x_wconf 91' lang='lat' dir='ltr'>ambula-</span> 
     </span>
     <span class='ocr_line' id='line_1_38' title="bbox 301 3104 2323 3189; baseline -0.001 -19"><span class='ocrx_word' id='word_1_310' title='bbox 301 3108 549 3171; x_wconf 89' lang='lat' dir='ltr'>tionem</span> <span class='ocrx_word' id='word_1_311' title='bbox 621 3105 1195 3189; x_wconf 88' lang='lat' dir='ltr'>postmeridianam</span> <span class='ocrx_word' id='word_1_312' title='bbox 1270 3105 1725 3169; x_wconf 89' lang='lat' dir='ltr'>conficeremus</span> <span class='ocrx_word' id='word_1_313' title='bbox 1809 3104 1879 3169; x_wconf 89' lang='lat' dir='ltr'>in</span> <span class='ocrx_word' id='word_1_314' title='bbox 1953 3104 2323 3186; x_wconf 88' lang='lat' dir='ltr'>Academia,</span> 
     </span>
     <span class='ocr_line' id='line_1_39' title="bbox 303 3191 2322 3278; baseline -0.002 -19"><span class='ocrx_word' id='word_1_315' title='bbox 303 3195 582 3259; x_wconf 87' lang='lat' dir='ltr'>maxime</span> <span class='ocrx_word' id='word_1_316' title='bbox 645 3194 818 3278; x_wconf 90' lang='lat' dir='ltr'>quod</span> <span class='ocrx_word' id='word_1_317' title='bbox 879 3194 935 3257; x_wconf 90' lang='lat' dir='ltr'>is</span> <span class='ocrx_word' id='word_1_318' title='bbox 1000 3194 1180 3259; x_wconf 90' lang='lat' dir='ltr'>locus</span> <span class='ocrx_word' id='word_1_319' title='bbox 1247 3194 1329 3257; x_wconf 94' lang='lat' dir='ltr'>ab</span> <span class='ocrx_word' id='word_1_320' title='bbox 1397 3194 1573 3257; x_wconf 88' lang='lat' dir='ltr'>omni</span> <span class='ocrx_word' id='word_1_321' title='bbox 1634 3193 1828 3256; x_wconf 89' lang='lat' dir='ltr'>turba</span> <span class='ocrx_word' id='word_1_322' title='bbox 1888 3191 1954 3256; x_wconf 90' lang='lat' dir='ltr'>id</span> <span class='ocrx_word' id='word_1_323' title='bbox 2012 3191 2322 3274; x_wconf 89' lang='lat' dir='ltr'>temporis</span> 
     </span>
     <span class='ocr_line' id='line_1_40' title="bbox 301 3280 2321 3365; baseline -0.003 -18"><span class='ocrx_word' id='word_1_324' title='bbox 301 3304 540 3347; x_wconf 84' lang='lat' dir='ltr'>vacuus</span> <span class='ocrx_word' id='word_1_325' title='bbox 589 3285 778 3346; x_wconf 89' lang='lat' dir='ltr'>esset.</span> <span class='ocrx_word' id='word_1_326' title='bbox 874 3281 1102 3365; x_wconf 90' lang='lat' dir='ltr'>Itaque</span> <span class='ocrx_word' id='word_1_327' title='bbox 1157 3281 1238 3346; x_wconf 87' lang='lat' dir='ltr'>ad</span> <span class='ocrx_word' id='word_1_328' title='bbox 1292 3285 1547 3363; x_wconf 88' lang='lat' dir='ltr'>tempus</span> <span class='ocrx_word' id='word_1_329' title='bbox 1605 3280 1685 3344; x_wconf 89' lang='lat' dir='ltr'>ad</span> <span class='ocrx_word' id='word_1_330' title='bbox 1730 3280 2033 3345; x_wconf 89' lang='lat' dir='ltr'>Pisonem</span> <span class='ocrx_word' id='word_1_331' title='bbox 2081 3300 2321 3344; x_wconf 81' lang='lat' dir='ltr'>omneS.</span> 
     </span>
     <span class='ocr_line' id='line_1_41' title="bbox 299 3366 2320 3451; baseline -0.002 -17"><span class='ocrx_word' id='word_1_332' title='bbox 299 3369 456 3434; x_wconf 89' lang='lat' dir='ltr'>Inde</span> <span class='ocrx_word' id='word_1_333' title='bbox 527 3370 708 3433; x_wconf 86' lang='lat' dir='ltr'>vario</span> <span class='ocrx_word' id='word_1_334' title='bbox 783 3390 1076 3434; x_wconf 87' lang='lat' dir='ltr'>sermone</span> <span class='ocrx_word' id='word_1_335' title='bbox 1141 3391 1252 3433; x_wconf 87' lang='lat' dir='ltr'>sex</span> <span class='ocrx_word' id='word_1_336' title='bbox 1316 3370 1431 3432; x_wconf 88' lang='lat' dir='ltr'>illa</span> <span class='ocrx_word' id='word_1_337' title='bbox 1496 3391 1535 3432; x_wconf 93' lang='lat' dir='ltr'>a</span> <span class='ocrx_word' id='word_1_338' title='bbox 1594 3366 1836 3451; x_wconf 86' lang='lat' dir='ltr'>Dipylo</span> <span class='ocrx_word' id='word_1_339' title='bbox 1902 3367 2111 3431; x_wconf 89' lang='lat' dir='ltr'>stadia</span> <span class='ocrx_word' id='word_1_340' title='bbox 2174 3388 2320 3430; x_wconf 90' lang='lat' dir='ltr'>con-</span> 
     </span>
    </p>

    <p class='ocr_par' dir='ltr' id='par_1_7' title="bbox 228 3455 2321 3523">
     <span class='ocr_line' id='line_1_42' title="bbox 228 3455 2321 3523; baseline -0.004 0"><span class='ocrx_word' id='word_1_341' title='bbox 228 3484 276 3523; x_wconf 86' lang='grc' dir='ltr'>ιο</span> <span class='ocrx_word' id='word_1_342' title='bbox 299 3457 588 3523; x_wconf 80' lang='lat' dir='ltr'>fecimus,</span> <span class='ocrx_word' id='word_1_343' title='bbox 689 3456 850 3522; x_wconf 83' lang='lat' dir='ltr'>Cum</span> <span class='ocrx_word' id='word_1_344' title='bbox 909 3461 1124 3521; x_wconf 89' lang='lat' dir='ltr'>autem</span> <span class='ocrx_word' id='word_1_345' title='bbox 1177 3457 1579 3521; x_wconf 88' lang='lat' dir='ltr'>venissemus</span> <span class='ocrx_word' id='word_1_346' title='bbox 1637 3456 1706 3518; x_wconf 89' lang='lat' dir='ltr'>in</span> <span class='ocrx_word' id='word_1_347' title='bbox 1757 3455 2143 3519; x_wconf 88' lang='lat' dir='ltr'>Academiae</span> <span class='ocrx_word' id='word_1_348' title='bbox 2188 3474 2321 3516; x_wconf 90' lang='lat' dir='ltr'>non</span> 
     </span>
    </p>
   </div>
   <div class='ocr_carea' id='block_1_5' title="bbox 302 3542 2319 3628">
    <p class='ocr_par' dir='ltr' id='par_1_8' title="bbox 302 3542 2319 3628">
     <span class='ocr_line' id='line_1_43' title="bbox 302 3542 2319 3628; baseline -0.005 -17"><span class='ocrx_word' id='word_1_349' title='bbox 302 3546 439 3611; x_wconf 89' lang='lat' dir='ltr'>sine</span> <span class='ocrx_word' id='word_1_350' title='bbox 493 3567 688 3609; x_wconf 86' lang='lat' dir='ltr'>causa</span> <span class='ocrx_word' id='word_1_351' title='bbox 738 3545 1091 3610; x_wconf 87' lang='lat' dir='ltr'>nobilitata</span> <span class='ocrx_word' id='word_1_352' title='bbox 1147 3545 1389 3628; x_wconf 87' lang='lat' dir='ltr'>spatia,</span> <span class='ocrx_word' id='word_1_353' title='bbox 1446 3542 1726 3607; x_wconf 89' lang='lat' dir='ltr'>solitudo</span> <span class='ocrx_word' id='word_1_354' title='bbox 1784 3545 1923 3605; x_wconf 90' lang='lat' dir='ltr'>erat</span> <span class='ocrx_word' id='word_1_355' title='bbox 1968 3562 2070 3624; x_wconf 84' lang='lat' dir='ltr'>ea,</span> <span class='ocrx_word' id='word_1_356' title='bbox 2123 3560 2319 3622; x_wconf 89' lang='lat' dir='ltr'>quam</span> 
     </span>
    </p>
   </div>
  </div>
 </body>
</html>
