2609 3884
792 170 928 226 Lm.
963 171 1034 226 11.
1091 170 1247 227 OAP.
1288 177 1460 227 1—3.
1515 178 1546 239 ς
1584 178 1755 229 1—7.
2152 174 2282 241 329

262 333 817 417 vituperatoribus
873 332 1324 418 respondimus
1382 334 1454 398 in
1507 334 1891 420 Hortensio,
1947 357 2066 419 pro
2121 336 2284 403 Aca-

265 421 477 486 demia
531 424 745 486 autem
801 443 966 507 quae
1020 421 1290 487 dicenda
1345 425 1588 507 essent,
1644 423 1804 488 satis
1858 426 2156 489 accurate
2211 426 2285 490 in

263 509 669 575 Academicis
724 512 1035 594 quattuor
1086 509 1274 576 libris
1329 510 1651 595 explicata
1696 511 2111 596 arbitramur3
2170 512 2285 578 sed

265 600 488 662 tamen
529 600 787 662 tantum
833 597 1044 681 abest,
1088 600 1164 662 ut
1209 598 1407 664 scribi
1446 601 1671 663 contra
1705 620 1826 664 nos
1870 600 2168 685 nolimus,
2210 604 2287 665 ut

211 710 240 749 5
264 685 335 750 id
378 685 573 749 etiam
609 684 888 750 maxime
935 688 1248 770 optemus.
1317 684 1398 750 In
1441 685 1589 769 ipsa
1624 686 1797 751 enim
1834 685 2106 753 Graecia
2146 688 2285 772 phi-

265 772 567 857 losophia
618 776 806 839 tanto
851 774 922 837 in
964 773 1209 840 honore
1251 795 1606 858 numquam
1658 774 1915 860 fuisset,
1963 776 2094 840 nisi
2137 776 2284 842 doc-

263 860 662 926 tissimorum
710 861 1232 927 contentionibus
1277 861 1913 947 dissensionibusque
1952 863 2283 949 viguisset.

399 948 609 1026 Quam
645 949 729 1015 ob
765 970 904 1014 rem
939 949 1168 1016 hortor
1203 950 1442 1035 omnis,
1487 950 1598 1035 qui
1645 950 1854 1015 facere
1889 950 1958 1015 id
1992 956 2285 1037 possunt,
2321 964 2356 1015 s

261 1040 338 1102 ut
380 1037 572 1102 huius
618 1059 871 1122 quoque
917 1038 1175 1123 generis
1219 1038 1476 1103 laudem
1520 1038 1651 1103 iam
1702 1038 2042 1123 languenti
2086 1039 2285 1106 Grae-

178 1151 237 1192 10
262 1126 402 1191 ciae
449 1126 729 1210 eripiant
771 1129 840 1191 et
882 1125 1282 1191 transferant
1324 1126 1395 1191 in
1428 1125 1597 1191 hanc
1633 1126 1885 1211 urbem,
1932 1128 2100 1193 sicut
2138 1129 2283 1193 reli-

264 1235 428 1298 quas
487 1214 727 1298 omnis,
800 1235 965 1299 quae
1024 1213 1282 1299 quidem
1341 1218 1529 1279 erant
1584 1215 2007 1301 expetendae,
2068 1216 2285 1281 studio

265 1304 459 1385 atque
485 1301 806 1367 industria
834 1323 952 1366 sua
979 1302 1258 1368 maiores
1285 1302 1497 1367 nostri
1523 1303 2009 1369 transtulerunt.
2067 1303 2286 1389 Atque

267 1392 599 1455 oratorum
654 1390 912 1474 quidem
963 1390 1110 1455 laus
1163 1389 1262 1469 ita
1316 1390 1506 1455 ducta
1551 1390 1633 1455 ab
1689 1390 1924 1456 humili
1977 1393 2160 1457 venit
2204 1392 2287 1457 ad

264 1498 615 1562 summum,
670 1480 746 1542 ut
798 1478 958 1561 iam,
1010 1478 1182 1563 quod
1234 1482 1472 1543 natura
1523 1477 1653 1543 fert
1694 1478 1764 1544 in
1808 1479 2105 1545 omnibus
2150 1479 2286 1546 fere

178 1591 236 1632 ιε»
260 1566 483 1651 rebus,
527 1568 822 1631 senescat
864 1566 1174 1651 brevique
1216 1569 1508 1650 tempore
1555 1566 1637 1630 ad
1681 1566 1959 1631 nihilum
2011 1572 2288 1633 ventura

261 1654 583 1739 videatur,
634 1653 1055 1738 philosophia
1097 1657 1405 1719 nascatur
1446 1652 1699 1719 Latinis
1745 1655 2003 1740 quidem
2047 1655 2285 1721 litteris

261 1763 341 1807 ex
401 1742 505 1807 his
568 1742 972 1826 temporibus
986 1790 1004 1823 ‚
1069 1764 1339 1827 eamque
1400 1763 1522 1807 nos
1595 1741 1969 1807 adiuvemus
2040 1764 2287 1828 nosque

259 1830 440 1914 ipsos
498 1830 804 1915 redargui
855 1829 1190 1915 refellique
1253 1830 1598 1915 patiamur.
1708 1829 1897 1906 Quod
1957 1830 2009 1895 ii
2067 1831 2287 1897 ferunt

261 1917 481 1984 animo
525 1917 780 2004 iniquo,
823 1919 934 2003 qui
979 1918 1171 1984 certis
1217 1918 1604 2003 quibusdam
1641 1916 2109 2003 destinatisque
2144 1940 2285 1985 sen·

180 2030 238 2070 20
261 2006 491 2071 tentiis
529 2006 715 2090 quasi
760 2005 1001 2071 addicti
1046 2010 1114 2071 et
1157 2006 1514 2072 consecrati
1560 2008 1712 2070 sunt
1766 2028 1966 2090 eaque
2009 2007 2287 2073 necessi-

263 2096 403 2158 tate
457 2094 816 2178 constricti,
868 2097 970 2179 ut,
1023 2095 1221 2159 etiam
1280 2115 1447 2179 quae
1499 2114 1633 2159 non
1694 2094 1970 2178 probare
2018 2095 2287 2181 soleant,

264 2202 345 2245 ea
405 2184 720 2266 cogantur
781 2182 1182 2247 constantiae
1247 2204 1447 2248 causa
1509 2181 1876 2267 defendere;
1952 2203 2102 2262 nos,
2175 2184 2289 2268 qui

266 2268 594 2353 sequimur
635 2269 1008 2354 probabilia
1049 2291 1169 2335 nec
1213 2273 1387 2336 ultra
1430 2292 1625 2355 quam
1660 2271 1749 2336 ad
1791 2270 1888 2355 id,
1931 2272 2105 2355 quod
2149 2271 2289 2336 veri

263 2356 477 2422 simile
533 2357 840 2441 occurrit,
893 2358 1200 2443 progredi
1251 2380 1625 2443 possumus,
1681 2361 1748 2422 et
1797 2358 2093 2423 refellere
2148 2359 2286 2423 sine

179 2468 236 2511 ιο
260 2445 623 2529 pertinacia
668 2449 735 2510 et
777 2444 988 2511 refelli
1034 2447 1171 2511 sine
1214 2445 1549 2511 iracundia
1592 2446 1808 2531 parati
1855 2468 2097 2511 sumus.

399 2533 648 2611 Quodsi
701 2532 865 2600 haec
909 2534 1124 2599 studia
1168 2534 1467 2600 traducta
1512 2537 1701 2599 erunt
1744 2532 1829 2599 ad
1871 2536 2160 2618 nostros,
2202 2556 2285 2599 ne
2322 2548 2361 2597 6

261 2620 678 2689 bibliothecis
715 2622 974 2707 quidem
1003 2621 1267 2687 Graecis
1306 2621 1657 2708 egebimus,
1692 2622 1763 2686 in
1800 2621 2034 2705 quibus
2070 2622 2286 2686 multi-

260 2710 420 2776 tudo
455 2710 713 2775 infinita
749 2710 1066 2777 librorum
1101 2714 1371 2795 propter
1405 2732 1625 2777 eorum
1662 2713 1764 2775 est
1787 2708 2288 2795 multitudinem,

262 2798 374 2882 qui
426 2799 838 2882 scripserunt.
939 2797 1189 2863 Eadem
1244 2798 1416 2866 enim
1470 2797 1772 2863 dicuntur
1825 2818 1865 2861 a
1909 2797 2131 2862 multis
2139 2848 2158 2881 ,
2210 2819 2289 2863 ex

179 2910 236 2951 ³0
264 2908 393 2971 quo
455 2886 642 2951 libris
707 2886 925 2951 omnia
985 2887 1399 2953 referserunt.
1508 2885 1696 2962 Quod
1768 2883 2016 2950 accidet
2085 2885 2286 2951 etiam

259 2975 534 3059 nostris,
588 2974 647 3039 si
702 2974 786 3039 ad
836 2974 998 3041 haec
1053 2975 1270 3040 studia
1333 2974 1554 3057 plures
1608 2973 2053 3039 confluxerint.
2162 2971 2289 3039 Sed

261 3083 402 3147 eos,
465 3063 526 3128 si
584 3083 962 3147 possumus,
1027 3064 1406 3147 excitemus,
1469 3062 1578 3146 qui
1639 3061 1995 3126 liberaliter
2050 3061 2288 3126 eruditi

261 3150 558 3215 adhibita
593 3151 792 3216 etiam
838 3150 1194 3216 disserendi
1231 3150 1559 3235 elegantia
1594 3149 1845 3215 ratione
1883 3153 1951 3214 et
1990 3150 2099 3214 via
2143 3149 2285 3233 phi-

260 3238 705 3322 losophantur.
778 3238 906 3303 Est
941 3238 1115 3303 enim
1155 3238 1478 3323 quoddam
1519 3257 1723 3322 genus
1762 3258 2012 3321 eorum,
2058 3237 2170 3321 qui
2216 3257 2285 3302 se
2323 3208 2367 3332 ξ’

176 3351 234 3394 ⁸5
260 3325 688 3410 philosophos
746 3326 1063 3410 appellari
1122 3327 1379 3409 volunt,
1440 3346 1714 3410 quorum
1782 3325 2083 3390 dicuntur
2145 3345 2285 3389 esse

258 3412 480 3479 Latini
525 3435 682 3479 sane
727 3414 915 3479 multi
959 3414 1138 3497 libri3
1195 3436 1358 3499 quos
1402 3434 1537 3478 non
1581 3417 1925 3479 contemno
1974 3411 2286 3496 equidem,

259 3502 499 3587 quippe
555 3524 717 3587 quos
770 3522 1126 3587 numquam
1177 3502 1477 3589 legerim3
1533 3500 1646 3565 sed
1690 3501 1845 3585 quia
1874 3498 2287 3584 profitentur
