2609 3884
667 163 814 221 ΜΒ.
850 167 920 223 Π.
976 166 1130 222 CAP.
1172 173 1264 237 15,
1305 173 1389 222 16.
1443 173 1475 234 5
1510 174 1756 224 46-51,
2147 171 2235 234 43

185 320 368 387 facile
403 322 1004 394 internoscantur?
1051 350 1163 393 cur
1195 351 1354 413 non,
1390 331 1467 394 ut
1500 329 1695 412 plane
1730 329 1895 395 nihil
1928 329 2233 395 intersit?

183 413 574 494 praesertim
605 437 765 482 cum
792 416 923 500 ipsi
950 416 1179 482 dicatis
1203 417 1564 500 sapientem
1583 417 1655 481 in
1680 416 1900 483 furore
1920 419 2232 483 sustinere

179 519 246 564 se
305 499 392 564 ab
462 503 668 569 omni
731 504 1035 589 adsensu,
1098 505 1253 589 quia
1313 505 1497 570 nulla
1558 505 1631 570 in
1689 505 1848 571 visis
1904 506 2228 571 distinctio

131 697 158 740 ε
184 593 634 745 appffdathas
712 703 938 746 omnes
1007 680 1292 747 visiones
1358 681 1585 747 inanes
1656 679 2023 747 Antiochus
2097 683 2233 766 qui-
2256 649 2336 776 lg

177 762 318 828 dem
383 769 456 830 et
525 769 875 852 permulta
936 769 1217 853 dicebat,
1294 773 1363 835 et
1424 773 1565 834 erat
1626 769 1705 833 de
1767 769 1891 834 hac
1961 792 2093 834 una
2162 792 2232 834 re

175 851 362 917 unius
413 853 564 920 diei
617 856 998 941 disputatio,
1095 857 1261 922 Mihi
1317 862 1535 922 autem
1580 879 1714 923 non
1768 858 1941 922 idem
1984 857 2233 922 faciun-

173 938 322 1004 dum
367 945 590 1030 puto,
637 945 752 1009 sed
793 945 941 1028 ipsa
985 946 1203 1029 capita
1248 946 1535 1012 dicenda.
1629 944 1721 1009 Et
1762 945 2047 1030 primum
2094 946 2232 1031 qui-

172 1026 314 1092 dem
367 1029 514 1096 hoe
565 1029 1200 1118 reprehendendum,
1253 1033 1426 1118 quod
1471 1032 1950 1116 captiosissimo
1998 1055 2231 1119 genere

107 1139 152 1178 ιο
174 1115 742 1204 interrogationis
787 1123 1083 1205 utuntur,
1129 1121 1302 1206 quod
1330 1142 1572 1206 ,genus-
1596 1121 1860 1185 minime
1904 1121 1975 1185 in
2020 1121 2232 1205 philo-

173 1204 411 1288 sophia
459 1209 747 1292 probari
793 1209 990 1294 solet,
1045 1231 1191 1274 cum
1248 1208 1492 1294 aliquid
1536 1209 1911 1273 minutatim
1966 1213 2033 1274 et
2084 1231 2231 1295 gra-

175 1290 384 1358 datim
429 1296 712 1361 additur
749 1300 862 1361 aut
905 1297 1203 1363 demitur.
1275 1295 1580 1362 Soritas
1617 1297 1741 1362 hoc
1776 1301 2039 1381 vocant,
2078 1298 2233 1382 quia

176 1400 498 1449 acervum
550 1384 840 1450 efficiunt
875 1407 1005 1450 uno
1044 1385 1262 1450 addito
1302 1405 1526 1470 grano.
1596 1383 1929 1450 Vitiosum
1975 1406 2129 1450 sane
2166 1389 2233 1449 et

179 1470 570 1552 captiosum
612 1474 840 1558 genus!
907 1471 1013 1538 Sic
1050 1474 1224 1538 enim
1251 1472 1672 1538 adscenditis:
1720 1471 1815 1538 ‘Si
1849 1473 1982 1537 tale
2021 1472 2232 1538 visum

111 1578 157 1619 15
181 1557 533 1626 obiectum
587 1564 690 1626 est
743 1583 784 1624 a
840 1561 960 1626 deo
1017 1561 1389 1644 dormienti,
1442 1564 1518 1626 ut
1559 1560 1902 1645 probabile
1948 1561 2064 1645 sit,
2119 1583 2235 1626 cur

181 1666 316 1710 non
362 1649 607 1733 etiam,
661 1651 736 1712 ut
779 1648 967 1713 valde
1011 1649 1149 1714 veri
1197 1649 1453 1713 simile?
1510 1670 1624 1714 cur
1672 1648 1901 1712 deinde
1944 1669 2104 1731 non,
2158 1653 2235 1713 ut

185 1731 557 1822 difficiliter
613 1759 653 1800 a
702 1758 860 1803 vero
905 1736 1423 1802 internoscatur?
1479 1736 1736 1818 deinde,
1790 1739 1867 1800 ut
1908 1757 1992 1800 ne
2035 1736 2233 1800 inter—

183 1828 510 1889 noscatur
549 1823 852 1910 quidem?
893 1828 1245 1908 postremo,
1289 1828 1365 1889 ut
1397 1823 1565 1888 nihil
1600 1824 1772 1888 inter
1805 1823 1931 1888 hoc
1969 1826 2034 1888 et
2068 1824 2232 1888 illud

187 1907 537 1978 intersit?'
625 1911 772 1978 Huc
827 1913 884 1977 si
938 1912 1304 1995 perveneris
1370 1933 1473 1977 me
1536 1911 1663 1976 tibi
1715 1911 1998 1995 primum
2053 1911 2231 1996 quid-

125 2019 172 2060 m
193 2019 316 2082 que
383 2000 808 2084 concedente,
871 2021 1088 2064 meum
1149 2000 1383 2065 vitium
1446 1999 1673 2082 fuerit3
1740 2000 1842 2064 sin
1904 2000 2045 2083 ipse
2114 2005 2233 2065 tua

192 2092 432 2170 sponte
475 2088 896 2172 processeris,
941 2091 1144 2153 tuum.
1230 2088 1391 2164 Quis
1440 2088 1613 2152 enim
1657 2087 1781 2152 tibi
1826 2087 2074 2153 dederit
2118 2092 2232 2154 aut
2270 2103 2337 2153 50

195 2177 423 2242 omnia
477 2177 669 2241 deum
720 2196 914 2259 posse
961 2180 1077 2241 aut
1129 2175 1226 2240 ita
1278 2175 1605 2240 facturum
1650 2197 1819 2260 esse,
1876 2177 1933 2241 si
1977 2176 2231 2260 possit?

195 2283 322 2346 quo
381 2264 579 2330 modo
637 2266 853 2328 autem
908 2265 1135 2348 sumis,
1188 2266 1290 2342 ut,
1346 2264 1405 2328 si
1459 2263 1612 2348 quid
1666 2265 1770 2328 cui
1824 2259 2034 2329 simile
2091 2286 2230 2330 esse

195 2354 428 2438 possit,
474 2354 800 2436 sequatur,
844 2355 921 2416 ut
958 2352 1157 2416 etiam
1201 2351 1551 2416 difficiliter
1584 2352 1936 2418 internosci
1978 2352 2231 2436 possit?

130 2459 175 2500 25
197 2438 455 2524 deinde,
500 2442 578 2505 ut
618 2461 700 2505 ne
735 2440 1089 2505 internosci
1133 2439 1438 2526 quidem?
1486 2443 1847 2524 postrem0,
1891 2442 1967 2505 ut
2008 2440 2233 2504 eadem

202 2527 375 2594 sint?
448 2530 551 2612 ut,
611 2527 668 2594 si
720 2528 861 2612 lupi
923 2528 1192 2594 canibus
1256 2528 1498 2592 similes
1506 2577 1525 2612 ,
1590 2527 1849 2593 eosdem
1911 2527 2085 2590 dices
2150 2526 2232 2590 ad

199 2620 582 2683 extremm.
652 2615 742 2681 Et
789 2616 1046 2700 quidem
1090 2615 1385 2682 honestis
1434 2615 1677 2680 similia
1722 2618 1874 2680 sunt
1919 2614 2233 2699 quaedam

199 2725 332 2771 non
374 2704 657 2770 honesta
703 2707 769 2768 et
811 2704 1004 2770 bonis
1044 2726 1179 2769 non
1221 2704 1399 2769 bona
1444 2708 1511 2768 et
1556 2702 1925 2768 artificiosis
1964 2701 2231 2767 minime

205 2793 583 2878 artificiosa3
630 2792 786 2876 quid
824 2792 1198 2857 dubitamus
1233 2793 1440 2878 igitur
1477 2791 1819 2856 adfirmare
1853 2791 2021 2856 nihil
2057 2790 2231 2855 inter

139 2901 183 2944 ω
203 2879 360 2947 haec
422 2880 780 2949 interesse?
887 2879 990 2946 Ne
1052 2880 1489 2965 repugnantia
1563 2879 1823 2964 quidem
1894 2878 2230 2944 videmus?

203 2969 361 3034 nihil
388 2972 493 3034 est
521 2969 710 3053 enim,
748 2968 919 3054 quod
955 2968 1035 3034 de
1063 2990 1179 3034 suo
1218 2989 1453 3053 genere
1478 2967 1550 3031 in
1578 2967 1753 3032 aliud
1781 2989 1983 3053 genus
1992 2947 2229 3032 ffirans-

203 3057 351 3123 ferri
376 3057 610 3142 possit.
681 3056 775 3120 At
811 3056 868 3121 si
896 3055 1276 3144 efficeretur,
1311 3059 1388 3120 ut
1419 3054 1595 3120 inter
1619 3057 1759 3121 visa
1799 3056 2230 3120 differentium

205 3167 510 3232 generum
552 3143 721 3209 nihil
763 3144 1128 3227 interesset,
1171 3144 1637 3228 reperirentur,
1683 3165 1846 3230 quae
1893 3147 1959 3209 et
1999 3143 2071 3207 in
2113 3165 2229 3208 suo

205 3254 438 3318 genere
497 3236 718 3297 essent
770 3236 837 3297 et
893 3232 964 3296 in
1018 3232 1246 3298 alieno.
1339 3231 1528 3308 Quod
1590 3231 1731 3295 fieri
1792 3233 1905 3316 qui
1966 3231 2229 3314 potest?

145 3343 186 3386 ει
207 3319 509 3386 Omnium
573 3320 803 3385 deinde
857 3320 1148 3385 inanium
1199 3319 1491 3384 visorum
1552 3340 1683 3384 una
1746 3319 2036 3402 depulsio
2112 3322 2229 3404 est,
2266 3330 2327 3380 51

208 3409 335 3475 sive
398 3409 519 3474 illa
581 3408 976 3494 cogitatione
1047 3407 1510 3490 informantur,
1575 3406 1747 3491 quod
1814 3407 1954 3471 fieri
2020 3406 2227 3470 solere

210 3497 638 3582 concedimus,
690 3496 826 3561 sive
871 3496 942 3561 in
987 3496 1226 3580 quiete,
1283 3495 1417 3559 sive
1464 3515 1579 3578 per
1621 3495 1871 3576 vinum,
1928 3493 2065 3556 sive
2108 3512 2227 3572 per
