2609 3884
363 520 449 646 18

363 1100 432 1148 42

367 2200 450 2324 143

466 212 598 277 406
859 208 1459 267 TUSCULANARUM
1492 206 2099 263 DISPUTATIONUM

469 376 650 439 dines
715 373 1115 458 accederent,
1175 394 1428 437 summa
1487 392 1564 436 ea
1623 371 1834 455 fieret,
1889 392 2051 456 quae
2107 391 2249 435 non
2323 373 2523 436 susti-

471 466 750 528 neretur.

605 550 729 627 Qui
764 550 1025 615 modum
1070 549 1276 635 igitur
1311 548 1477 613 vitio
1523 548 1801 633 quaerit,
1850 546 2150 612 similiter
2197 546 2402 632 facit,
2451 552 2521 611 ut

403 599 528 705 si
570 660 764 723 posse
809 642 998 723 putet
1040 659 1188 701 eum
1196 687 1215 722 ,
1261 637 1373 722 qui
1420 657 1488 701 se
1535 657 1569 700 e
1614 634 1898 701 Leucata
1944 634 2518 719 praecipitaverit,

471 728 788 792 sustinere
844 748 938 811 se,
997 747 1144 790 cum
1187 725 1361 789 velit
1450 722 1544 789 Ut
1589 724 1762 788 enim
1805 723 1873 788 id
1915 745 2048 789 non
2091 727 2359 810 potest,
2430 726 2537 789 sic

469 816 722 881 animus
757 814 1176 899 perturbatus
1214 816 1281 877 et
1323 812 1637 877 incitatus
1672 833 1793 877 nec
1830 811 2128 876 cohibere
2168 833 2241 876 se
2282 816 2515 896 potest

467 901 1607 1074 ffissnffiffusseffiosslssaniffffissssa
1652 921 1876 1053 ‘s'unmm12
1844 920 2083 1053 {3233
2124 922 2513 1070 ἓὲἓέθῃῗῖἓ

471 1078 808 1165 aegritudo
871 1081 1088 1143 autem
1151 1079 1529 1162 ceteraeque
1588 1074 2108 1161 perturbationes
2126 1125 2147 1160 ‚
2226 1079 2513 1161 amplifi-

469 1170 653 1233 catae
718 1168 916 1249 certe,
975 1164 1323 1249 pestiferae
1388 1167 1565 1249 sunt3
1626 1165 1830 1250 igitur
1891 1163 2091 1229 etiam
2153 1170 2539 1250 susceptae}

468 1254 776 1319 continuo
840 1255 909 1318 in
972 1274 1212 1339 magna
1271 1253 1475 1336 pestis
1528 1257 1715 1337 parte
1770 1256 2126 1318 versantur.
2232 1251 2510 1320 Etenim

467 1344 649 1426 ipsae
686 1363 754 1407 se
789 1341 1161 1425 impellunt,
1205 1341 1320 1405 ubi
1357 1340 1558 1405 semel
1596 1362 1635 1405 a
1674 1342 1925 1406 ratione
1970 1338 2353 1407 discessum
2406 1348 2509 1421 est,

469 1432 739 1515 ipsaque
811 1430 938 1495 sibi
998 1428 1392 1494 inbecillitas
1459 1428 1755 1515 indulget
1820 1429 1890 1493 in
1954 1429 2297 1511 altumque
2373 1454 2509 1515 pro-

467 1518 727 1583 vehitur
751 1517 1124 1602 imprudens
1149 1537 1267 1581 nec
1293 1517 1539 1601 reperit
1566 1516 1782 1581 locum
1809 1516 2227 1582 consistendi.
2292 1516 2507 1594 Quam

469 1608 554 1672 ob
589 1628 730 1671 rem
763 1606 931 1671 nihil
967 1606 1263 1684 interest,
1310 1608 1528 1669 utrum
1563 1605 1931 1670 moderatas
1966 1604 2541 1688 perturbationem-

470 1694 832 1778 adprobent
869 1715 955 1759 an
989 1693 1393 1758 moderatam
1427 1692 1835 1777 iniustitiam,
1869 1692 2283 1757 moderatam
2328 1696 2505 1780 igna-

467 1784 670 1867 viam,
746 1781 1149 1847 moderatam
1210 1781 1816 1865 intemperantiam·
1800 1829 1819 1864 ,
1891 1780 2003 1864 qui
2072 1780 2255 1846 enim
2331 1785 2505 1848 vitiis

469 1871 733 1937 modum
797 1869 1092 1954 apponit,
1157 1869 1216 1933 is
1274 1871 1528 1952 partem
1593 1869 1862 1952 suscipit
1922 1868 2266 1953 vitiorum3
2344 1872 2542 1957 quod¹

470 1980 616 2024 cum
678 1958 892 2042 ipsum
945 1978 1065 2040 per
1119 1977 1187 2021 se
1241 1955 1541 2022 odiosum
1608 1960 1736 2041 est,
1792 1961 1936 2022 tum
1998 1977 2073 2021 eo
2138 1957 2503 2041 molestiuS‚

471 2047 623 2132 quia
668 2049 825 2111 sunt
867 2046 937 2109 in
980 2044 1231 2109 lubrico
1277 2045 1676 2128 incitataque
1713 2044 1911 2109 semel
1945 2042 2228 2127 proclivi
2266 2009 2535 2113 labun-'a

470 2138 577 2198 tur
625 2132 1054 2218 sustinerique
1098 2132 1278 2197 nullo
1326 2132 1517 2197 modo
1561 2135 1854 2214 possunt.

604 2219 799 2305 Quid,
845 2220 1017 2305 quod
1052 2220 1250 2284 iidem
1284 2219 1699 2302 Peripatetici
1742 2220 2272 2304 perturbationes
2324 2223 2499 2301 istas,
2540 2232 2542 2255 ¹

470 2330 630 2394 quas
685 2329 807 2373 nos
862 2306 1275 2391 extirpandas
1330 2310 1660 2392 putamus,
1721 2327 1855 2373 non
1916 2306 2107 2372 modo
2164 2312 2494 2375 naturalis

470 2417 610 2461 esse
649 2395 894 2481 dicunt,
939 2396 1050 2460 sed
1088 2395 1284 2459 etiam
1320 2395 1570 2459 utiliter
1607 2417 1647 2458 a
1680 2399 1916 2460 natura
1955 2395 2169 2478 datas3
2219 2419 2495 2481 quorum

470 2489 572 2551 est
633 2485 788 2550 talis
852 2484 1080 2549 oratio.
1177 2482 1471 2548 Primum
1527 2483 1751 2548 multis
1813 2484 2029 2548 verbis
2091 2483 2495 2551 iracundiam
2512 2504 2539 2544 a

466 2573 762 2658 laudant,
817 2576 1028 2637 cotem
1080 2569 1483 2636 fortitudinis
1538 2592 1679 2635 esse
1709 2570 1977 2656 dicunt,
2036 2572 2383 2656 multoque
2440 2578 2497 2637 et

468 2662 538 2727 in
591 2662 849 2726 hostem
903 2662 970 2725 et
1020 2660 1092 2724 in
1146 2659 1497 2743 inprobum
1523 2658 1749 2723 'civem
1792 2658 2313 2725 vehementiores
2375 2662 2495 2725 ira-

467 2752 687 2814 torum
741 2750 1020 2833 impetus
1076 2768 1241 2832 esse,
1293 2747 1455 2811 levis
1512 2750 1729 2812 autem
1792 2747 2188 2812 ratiunculas
2253 2768 2495 2830 eorum,

471 2837 583 2921 qui
640 2837 737 2901 ita
790 2836 1182 2920 cogitarent:
1267 2833 1625 2900 ‘Proelium
1677 2838 1923 2901 rectum
1978 2838 2080 2901 est
2138 2833 2270 2900 hoc
2336 2838 2495 2919 fieri,

469 2924 774 2989 convenit
818 2924 1120 2989 dimicare
1164 2944 1284 3007 pro
1330 2922 1612 3007 legibus,
1654 2944 1776 3006 pro
1820 2923 2151 3007 libertate,
2210 2944 2341 3006 pro
2387 2946 2537 3009 pa-se

467 3009 642 3076 tria?
738 3009 921 3076 Haec
970 3012 1220 3077 nullam
1272 3010 1519 3075 habent
1571 3010 1732 3094 vim,
1795 3010 1925 3076 nisi
1985 3011 2083 3076 ira
2147 3012 2493 3076 excanduit

466 3098 802 3165 fortitudo,
891 3098 1029 3165 Nec
1074 3121 1226 3165 vero
1275 3099 1353 3163 de
1399 3098 1824 3164 bellatoribus
1872 3099 2082 3165 solum
2127 3098 2489 3182 disputant3

467 3186 742 3270 imperia
795 3188 1116 3253 severiora
1171 3186 1351 3251 nulla
1396 3208 1535 3251 esse
1588 3190 1824 3271 putant
1869 3187 2005 3252 sine
2052 3186 2273 3270 aliqua
2324 3208 2491 3253 acer-

467 3275 674 3340 bitate
729 3274 1128 3358 iracundiae3
1182 3278 1506 3339 oratorem
1560 3274 1835 3360 denique
1889 3296 2024 3340 non
2066 3272 2260 3340 modo
2310 3297 2490 3341 accu-

471 3365 749 3445 santem,
829 3360 942 3425 sed
1002 3382 1084 3425 ne
1149 3360 1595 3428 defendentem
1666 3363 1924 3448 quidem
1994 3362 2279 3448 probant
2358 3365 2491 3428 sine
2508 3382 2535 3423 s

471 3449 708 3513 aculeis
782 3447 1180 3530 iracundiae,
1257 3469 1423 3531 quae
1486 3451 1745 3517 etiamsi
1806 3473 1939 3517 non
2003 3450 2197 3534 adsit,
2269 3453 2493 3516 tamen

469 3534 683 3599 verbis
744 3536 937 3616 atque
991 3537 1173 3599 motu
1233 3536 1664 3603 simulandam
1721 3540 2141 3621 arbitrantur,
2196 3542 2275 3602 ut
2322 3540 2493 3605 audi-
