2609 3884
398 149 485 214 80
908 139 1500 198 ACADEMICORUM
1536 142 1870 199 PRIORUM

396 309 648 396 pienti?
730 308 950 373 Placet
996 305 1227 373 Stoicis
1273 306 1492 371 omnia
1536 309 1806 390 peccata
1851 327 1992 371 esse
2036 307 2237 390 paria.
2325 305 2426 371 At

398 399 521 463 hoc
564 396 892 463 Antiocho
950 395 1513 461 vehementissime
1578 393 1897 477 displicet.
1986 393 2214 460 Liceat
2274 399 2422 459 tan-

400 487 547 551 dem
592 485 755 550 mihi
782 484 1209 567 considerare,
1253 486 1468 547 utram
1496 482 1887 546 sententiam
1915 504 2164 566 sequar.
2227 482 2422 547 Prae·
2601 513 2603 556 3

398 575 557 658 cide,
602 572 842 659 inquit3
888 575 1100 636 statue
1130 570 1476 656 aliquando
1507 569 1838 654 quidlibet.
1912 570 2100 654 Quid,
2143 572 2218 653 si,
2254 592 2420 654 91199
2503 581 2508 588 “
2602 635 2603 656 3

400 663 700 727 dicuntur
744 661 815 724 in
858 662 1195 745 utramque
1240 663 1512 742 partem,
1564 662 1630 722 et
1676 661 1869 722 acuta
1911 658 2073 723 mihi
2117 659 2421 724 videntur
2453 683 2486 724 5
2598 728 2604 740 Α

402 754 468 815 et
528 747 761 834 paria?
823 769 1035 812 nonne
1100 767 1389 829 caveam,
1443 767 1524 810 119
1571 746 1779 810 scelus
1825 745 2102 810 faciam?
2197 745 2422 810 Scelus

402 838 574 902 enim
620 836 877 900 dicebas
925 855 1085 918 esse,
1128 832 1416 916 Luculle,
1462 834 1702 917 dogma
1743 834 2036 917 prodere.
2101 831 2422 898 Contineo

400 926 605 1010 igitur
648 945 777 1006 me,
841 943 922 986 119
967 923 1300 1006 incognito
1347 922 1698 1007 adsentiar3
1765 921 1936 1005 quod
1990 922 2152 987 mihi
2208 925 2426 987 tecum

300 1025 403 1076 184
448 1018 551 1078 est
594 1013 831 1096 dogma
875 1031 1229 1076 commune.
1292 1009 1460 1076 Ecce
1507 1009 1714 1075 multo
1774 1009 1983 1074 maior
2036 1010 2234 1074 etiam
2292 1009 2425 1073 dis·
2602 1093 2603 1100 ἵ

405 1101 637 1168 9911919.
731 1097 903 1163 Zeno
966 1099 1037 1162 in
1090 1120 1220 1162 una
1273 1099 1514 1162 virtute
1565 1097 1847 1180 positam
1913 1097 2172 1164 beatam
2218 1097 2425 1162 vitam
2459 1125 2520 1164 10
2601 1107 2603 1164 ἑ

401 1192 608 1273 putat.
698 1185 867 1262 Quid
910 1184 1317 1251 Antiochus?
1405 1185 1655 1267 Etiam,
1699 1185 1940 1269 inquit,
1983 1185 2262 1268 beatam,
2307 1186 2425 1250 sed

400 1298 538 1341 non
581 1274 1043 1340 beatissimam.
1130 1272 1308 1338 Deus
1353 1273 1491 1357 ille,
1537 1273 1647 1357 qui
1690 1273 1857 1336 nihil
1902 1275 2156 1338 censuit
2201 1273 2425 1337 deesse

403 1364 658 1447 virtuti,
721 1362 1067 1427 homuncio
1132 1360 1267 1444 hic,
1321 1361 1434 1444 qui
1497 1360 1704 1424 multa
1747 1363 1939 1444 putat
1989 1365 2251 1444 praeter
2293 1362 2424 1426 vir·

402 1455 610 1516 tutem
658 1450 909 1515 homini
966 1449 1208 1533 partim
1254 1470 1406 1512 cara
1451 1470 1618 1530 esse,
1679 1449 1920 1532 partim
1965 1448 2162 1512 etiam
2205 1469 2424 1514 neces·

406 1540 595 1604 saria.
686 1536 811 1603 Sed
857 1537 987 1620 ille,
1031 1557 1281 1619 vereor,
1326 1558 1409 1600 ne
1453 1537 1683 1600 virtuti
1727 1536 1872 1620 plus
1918 1537 2184 1620 tribuat,
2227 1557 2426 1620 quam
2456 1563 2515 1604 15

402 1631 636 1692 natura
678 1626 985 1710 patiatur,
1028 1624 1414 1708 praesertim
1450 1623 1900 1707 Theophrasto
1938 1624 2146 1688 multa
2186 1624 2425 1690 diserte

404 1715 789 1798 copioseque
834 1718 1049 1778 contra
1092 1711 1361 1776 dicente.
1432 1710 1524 1776 Et
1565 1711 1690 1790 hic,
1733 1715 1972 1794 metuo,
2014 1733 2097 1776 ne
2141 1713 2252 1776 vix
2295 1713 2426 1777 sibi

400 1806 681 1884 constet,
746 1801 857 1884 qui
903 1821 1048 1865 cum
1101 1800 1277 1864 dicat
1333 1819 1473 1862 esse
1527 1799 1844 1882 quaedam
1891 1803 1958 1863 et
2013 1801 2302 1882 corporis
2342 1805 2427 1865 -et

405 1890 703 1954 fortunae
760 1887 961 1970 mala,
1022 1890 1243 1951 tamen
1288 1907 1462 1970 eum,
1526 1887 1638 1971 qui
1691 1886 1761 1951 in
1812 1886 1917 1950 his
1964 1888 2264 1952 omnibus
2320 1889 2426 1971 sit,
2464 1951 2472 1957 ,

405 1977 670 2040 beatum
714 1974 853 2039 fore
900 1979 1182 2059 censeat,
1238 1974 1293 2038 si
1340 1974 1601 2058 sapiens
1650 1975 1752 2038 sit.
1842 1972 2219 2058 Distrahor;
2281 1979 2424 2040 tum
2455 2003 2514 2042 20
2591 1977 2596 1987 ’

405 2062 529 2127 1199
584 2061 747 2126 1111111
809 2061 1213 2145 probabilius
1221 2111 1239 2144 ,
1297 2065 1440 2125 tum
1502 2062 1663 2126 illud
1719 2061 2000 2144 videtur,
2064 2066 2132 2127 et
2183 2066 2426 2143 tamen,

300 2211 391 2276 44
406 2151 533 2250 nisi
562 2150 944 2301 {ltetgtrum
972 2149 1089 2300 siti:
1109 2149 1430 2312 vgtugqm
1436 2151 1666 2300 1{acere
1709 2150 1902 2303 pla-,rie
1937 2154 2118 2234 pute.
2181 2150 2428 2304 Vieruip

302 2301 405 2352 1³⁵
450 2258 1320 2409 ffm¹⁸p13³222333¹²p÷0b3sse
1364 2259 2428 2411 pzsssamffisffizffizntffssfflnz

404 2435 758 2497 numquam
810 2433 932 2476 nec
978 2412 1332 2497 cupiditate
1377 2414 1625 2479 moveri
1676 2435 1794 2478 nec
1849 2414 2103 2479 laetitia
2149 2415 2424 2480 ecferri?
2451 2440 2509 2482 25

407 2501 579 2586 Age,
624 2501 784 2565 haec
829 2500 1199 2584 probabilia
1242 2522 1396 2565 sane
1435 2501 1591 2585 sint3
1635 2523 1793 2566 num
1831 2501 2030 2567 etiam
2074 2502 2208 2586 illa,
2242 2524 2427 2567 num-

409 2610 602 2673 quam
637 2589 883 2672 timere,
927 2610 1280 2674 numquam
1318 2587 1577 2654 dolere?
1640 2587 1994 2673 Sapiensne
2019 2611 2153 2655 non
2177 2590 2429 2674 timeat,

405 2698 488 2741 ne
532 2677 747 2760 patria
784 2677 1120 2742 deleatur?
1165 2699 1299 2741 non
1345 2677 1578 2760 doleat,
1624 2676 1681 2740 si
1725 2677 1937 2742 deleta
1973 2677 2104 2742 sit?
2156 2676 2428 2763 Durum,

409 2763 521 2828 sed
568 2763 809 2828 Zenoni
862 2765 1324 2848 necessarium,
1390 2765 1494 2829 cui
1558 2768 1817 2848 praeter
1868 2766 2213 2830 honestum
2257 2767 2426 2832 nihil

408 2854 509 2916 est
552 2851 621 2914 in
664 2851 871 2929 bonis,
920 2851 1043 2915 tibi
1089 2872 1261 2934 vere,
1306 2851 1645 2935 Antioche,
1689 2853 1974 2936 minime,
2020 2853 2123 2918 cui
2167 2857 2430 2937 praeter
2455 2879 2510 2920 80

330 2959 341 2972 ·
403 2937 817 3002 honestatem
872 2939 1077 3002 multa
1130 2939 1332 3023 bona,
1396 2943 1652 3023 praeter
1704 2940 2172 3023 turpitudinem
2218 2942 2431 3006 multa

406 3024 581 3089 mala
624 3025 951 3107 videntur,
1013 3047 1177 3108 quae
1224 3030 1291 3090 et
1335 3027 1662 3092 venientia
1705 3032 1956 3093 metuat
2016 3029 2272 3113 sapiens
2317 3052 2428 3095 ne-

403 3133 583 3177 cesse
631 3116 731 3176 est
776 3115 844 3176 et
888 3113 1139 3178 venisse
1185 3114 1421 3179 doleat.
1514 3113 1638 3179 Sed
1686 3137 1944 3198 999919,
1990 3116 2249 3200 quando
2295 3118 2430 3183 ista

405 3199 653 3264 fuerint
706 3199 784 3264 ab
828 3198 1179 3266 Academia
1222 3205 1440 3267 vetere
1505 3200 1790 3286 decreta,
1852 3207 1928 3268 ut
1981 3205 2272 3268 animum
2329 3227 2430 3270 sa-

401 3288 646 3371 pientis
694 3289 1079 3353 commoveri
1124 3293 1190 3353 et
1235 3289 1609 3354 conturbari
1653 3291 2013 3375 negarent?
2088 3290 2429 3357 Mediocri·
2457 3318 2510 3360 ³5

404 3377 575 3438 tates
620 3375 719 3439 illi
762 3376 1133 3459 probabant
1168 3380 1235 3439 et
1276 3377 1346 3438 in
1388 3377 1565 3441 omni
1609 3379 2017 3460 permotione
2063 3381 2433 3446 naturalem

403 3463 718 3526 volebant
746 3484 885 3527 esse
928 3461 1248 3547 quendam
1292 3463 1574 3530 modum.
1637 3463 1944 3549 Legimus
1975 3487 2198 3531 omnes
2229 3465 2430 3533 Oran-
