2609 3884
358 117 488 182 350
751 113 1344 171 TUSCULANARUM
1382 113 1985 171 DISPUTATIONUM

352 301 703 434 2¹1&quss
713 300 832 433 '¹312
847 275 2125 433 {ffeffissssssffaffleffigffaffiffluffss
2128 277 2388 431 ²333&ss

1854 415 1873 449 2

355 478 646 522 cursores
702 457 1088 540 exclamant,
1143 477 1335 539 quam
1389 453 1667 519 maxime
1717 456 2007 538 possunt.
2096 451 2388 518 Faciunt

353 546 552 630 idem,
613 566 756 609 cum
812 548 1212 628 exercentur,
1267 541 1581 626 athletae,
1636 542 1887 626 pugiles
1920 562 2124 620 vero,
2180 542 2387 606 etiam

356 655 500 699 cum
551 633 793 698 feriunt
850 632 1313 711 adversarium,
1378 629 1449 694 in
1510 631 1827 694 iactandis
1891 629 2218 695 caestibus
2286 631 2386 694 in·
2412 654 2437 694 ⁵

355 724 764 806 gemescunt,
825 743 956 786 non
1024 720 1195 805 quod
1249 718 1512 785 doleant
1574 718 1872 783 animove
1936 718 2389 802 succumbant,

355 810 467 875 sed
531 810 681 895 quia
741 808 1189 893 profundenda
1249 828 1407 873 voce
1469 828 1659 872 omne
1723 828 1955 891 corpus
2017 805 2389 872 intenditur

354 899 658 983 venitque
701 898 902 982 plaga
946 897 1405 962 vehementior.

248 982 336 1047 24
489 985 700 1063 Quid?
775 986 886 1069 qui
955 985 1182 1051 volunt
1254 985 1613 1049 exclamare
1685 983 1923 1067 maius,
1984 1005 2144 1048 num
2218 983 2388 1049 satis

353 1074 600 1139 habent
661 1074 894 1156 latera,
955 1073 1203 1157 fauces,
1268 1072 1562 1157 linguam
1625 1071 1981 1154 intendere,
2044 1093 2081 1136 e
2145 1071 2386 1156 quibus
2414 1099 2463 1137 ιο

356 1162 476 1226 eici
536 1182 760 1227 vocem
825 1164 891 1225 ct
949 1159 1133 1226 fundi
1194 1159 1533 1226 videmus?
1638 1159 1806 1225 Toto
1863 1180 2129 1243 corpore
2188 1163 2389 1244 atque

357 1249 655 1315 omnibus
699 1248 986 1333 ungulis,
1040 1253 1117 1314 ut
1161 1248 1423 1332 dicitur,
1476 1247 1877 1314 contentioni
1929 1247 2108 1313 vocis
2164 1247 2389 1313 adser-

250 1357 317 1408 57
355 1338 556 1403 viunt.
647 1336 829 1403 Genu
873 1337 1235 1402 mehercule
1280 1336 1368 1402 M.
1414 1336 1776 1401 Antonium
1820 1335 1981 1420 vidi,
2034 1357 2184 1402 cum
2231 1357 2385 1402 con-

353 1429 532 1491 tente
583 1448 702 1511 pro
749 1447 817 1491 se
863 1426 1002 1510 ipse
1047 1427 1192 1511 lege
1233 1424 1439 1490 Varia
1483 1423 1748 1508 diceret,
1802 1427 2046 1489 terram
2090 1427 2386 1511 tangere.

354 1513 448 1580 Ut
482 1515 652 1583 enim
694 1515 968 1580 balistae
1013 1513 1308 1598 lapidum
1345 1516 1410 1578 et
1445 1512 1697 1596 reliqua
1729 1516 2059 1577 tormenta
2093 1513 2383 1578 telorum
2415 1539 2465 1579 ιε

355 1625 430 1668 eo
485 1603 815 1688 graviores
877 1602 1256 1667 emissiones
1323 1601 1595 1685 habent,
1669 1622 1794 1684 quo
1860 1603 2014 1666 sunt
2075 1604 2387 1666 contenta

357 1696 550 1775 atque
605 1691 881 1756 adducta
935 1689 1405 1773 vehementius,
1458 1688 1553 1754 sic
1605 1710 1759 1774 vox,
1817 1689 1914 1754 sic
1969 1709 2228 1772 cursus,
2290 1690 2387 1754 sic

354 1780 553 1864 plaga
604 1779 730 1844 hoc
784 1779 1071 1864 gravior,
1126 1799 1253 1863 quo
1309 1781 1409 1842 est
1461 1777 1661 1842 missa
1704 1777 2086 1842 contentius.
2178 1774 2385 1842 Cuius

356 1868 790 1932 contentionis
851 1888 996 1932 cum
1049 1869 1237 1931 tanta
1290 1866 1391 1931 vis
1450 1866 1562 1950 sit,
1617 1865 1675 1930 si
1721 1866 1997 1950 gemitus
2041 1865 2109 1929 in
2155 1864 2386 1931 dolore

359 1956 439 2019 ad
495 1955 1002 2021 confirmandum
1057 1955 1345 2019 animum
1408 1952 1681 2038 valebit,
1743 1955 2027 2040 utemur;
2090 1953 2196 2018 sin
2260 1955 2389 2018 erit
2412 1980 2469 2020 20

355 2043 466 2106 ille
519 2043 796 2127 gemitus
859 2042 1361 2120 clamentabiliS,
1416 2041 1475 2106 si
1527 2041 1893 2125 inbecillus,
1949 2042 2007 2106 si
2066 2041 2383 2124 abiectus,

358 2131 414 2194 si
457 2129 720 2212 flebilis,
768 2129 829 2194 ei
874 2131 984 2214 qui
1029 2151 1098 2195 se
1130 2128 1419 2213 dederit,
1471 2130 1579 2194 vix
1634 2151 1779 2194 eum
1826 2129 2038 2194 virum
2089 2128 2386 2194 dixerim.

359 2217 482 2293 Qui
544 2216 800 2302 quidem
865 2216 1142 2302 gemitus
1216 2217 1274 2282 si
1336 2216 1684 2283 levationis
1762 2217 2009 2302 aliquid
2082 2217 2388 2303 adferret,

356 2308 574 2369 tamen
627 2305 1017 2389 videremus,
1081 2305 1234 2390 quid
1289 2307 1464 2370 esset
1515 2305 1703 2372 fortis
1768 2308 1836 2370 et
1890 2305 2165 2371 animosi
2230 2307 2387 2391 viri3

359 2415 504 2458 cum
556 2415 709 2459 vero
762 2393 928 2459 m’hil
981 2393 1324 2458 imminuat
1378 2393 1618 2460 doloris
1628 2444 1647 2478 ,
1701 2414 1815 2458 cur
1864 2393 2111 2459 frustra
2153 2397 2384 2479 turpes
2412 2419 2467 2462 25

359 2503 500 2548 esse
560 2481 932 2548 volumus?-
1017 2481 1185 2558 Quid
1250 2485 1351 2547 est
1412 2481 1583 2546 enim
1644 2481 1803 2547 fletu
1874 2481 2179 2547 muliebri
2240 2482 2386 2549 viro

255 2591 321 2642 58
360 2570 659 2655 turpius?
757 2571 976 2656 Atque
1045 2569 1171 2636 hoc
1241 2572 1683 2655 praeceptum,
1765 2570 1936 2654 quod
2007 2569 2085 2634 de
2155 2570 2387 2636 dolore

357 2659 574 2742 datur,
619 2661 803 2744 patet
845 2659 1064 2724 latius,
1136 2655 1453 2724 Omnibus
1500 2657 1672 2723 enim
1714 2659 1936 2743 rebus,
1980 2679 2115 2724 non
2164 2659 2385 2725 solum

335 2746 598 2830 dolori,
643 2747 843 2812 simili
887 2747 1296 2814 contentione
1344 2746 1542 2812 animi
1587 2746 2018 2811 resistendum
2065 2750 2181 2812 est,
2271 2747 2387 2812 Ira

359 2833 743 2918 exardescit,
796 2835 998 2900 libido
1055 2836 1445 2918 concitatur3
1500 2835 1569 2899 in
1632 2833 1900 2899 eandem
1957 2856 2173 2900 arcem
2230 2857 2385 2900 con·
2412 2861 2465 2904 ω

357 2920 735 3005 fugiendum
808 2925 936 3005 est,
1010 2923 1233 2988 eadem
1308 2925 1461 2989 sunt
1542 2944 1723 2988 arma
1808 2922 2134 2988 sumenda.
2254 2921 2386 2989 Sed

360 3008 668 3092 quoniam
731 3009 808 3072 de
873 3009 1091 3074 dolore
1167 3010 1521 3094 loquimur,
1590 3011 1708 3075 illa
1771 3011 2166 3077 omittamus.
2274 3012 2385 3077 Ad

359 3094 693 3160 ferendum
727 3096 930 3182 igitur
957 3096 1244 3163 dolorem
1269 3098 1524 3182 placide
1552 3100 1744 3184 atque
1774 3099 1991 3165 sedate
2026 3098 2383 3182 plurimum

295 3207 300 3212 ·
358 3183 618 3268 proficit
678 3186 820 3248 toto
882 3187 1168 3269 pectore,
1231 3189 1309 3250 ut
1369 3186 1629 3271 dicitur,
1684 3187 1999 3273 cogitare,
2061 3209 2259 3273 quam
2316 3189 2384 3253 id

358 3271 704 3336 honestum
752 3271 856 3337 sit.
946 3270 1180 3338 Sumus
1227 3273 1400 3338 enim
1444 3277 1701 3358 natura,
1754 3279 1830 3340 ut
1874 3278 2025 3340 ante
2075 3275 2209 3339 dixi
2256 3272 2381 3361 (di-
2410 3301 2463 3343 ³⁶

361 3359 630 3423 cendum
703 3362 805 3425 est
875 3361 1045 3425 enim
1117 3358 1443 3447 saepius),
1524 3362 1983 3429 studiosissimi
2070 3363 2382 3447 adpeten-

359 3446 726 3530 tissimique
779 3448 1172 3534 honestatis3
1229 3449 1409 3514 cuius
1465 3449 1523 3514 si
1585 3451 1771 3534 quasi
1835 3451 2053 3517 lumen
2116 3451 2380 3536 aliquod
