2609 3884
974 152 1517 210 ARGUMENTUM.
2118 155 2247 220 277

368 313 668 369 Praefatae
695 313 766 369 de
793 313 1054 369 instituto
1080 312 1476 385 philosophiae
1510 313 1755 369 Graecae
1791 313 2009 369 Latinis
2043 313 2249 371 litteris

227 383 627 453 illustrandae,
681 386 770 454 ut,
823 384 887 440 in
941 401 1051 454 quo
1103 401 1217 440 uno
1271 400 1479 454 genere
1534 402 1570 440 a
1615 384 1843 440 Graecis
1898 384 2251 440 vincerentur

227 455 495 524 Romani,
549 454 611 509 id
665 455 741 510 ad
792 455 896 511 hos
941 471 1164 525 quoque
1207 456 1631 525 transferretur,
1679 472 1801 526 cap.
1852 461 2035 525 1-4,
2084 455 2250 526 ponit

227 525 298 582 M.
346 525 542 582 Cicero
591 525 680 595 id,
727 525 797 580 de
844 542 954 594 quo
999 527 1124 580 tota
1168 527 1256 582 est
1298 525 1469 595 primi
1511 525 1646 581 libri
1681 525 2016 596 disputatio,
2067 525 2247 581 sitne

227 596 472 650 malum
507 613 714 665 mors,
753 597 905 665 quod
934 595 1198 666 deinceps
1227 596 1477 651 studiose
1504 596 1729 652 refellit.
1783 596 2036 651 Primum
2063 597 2247 652 osten·

229 666 311 720 dit
343 669 588 722 mortem
621 683 738 722 non
771 683 938 736 posse
975 667 1188 722 malum
1214 683 1337 722 esse
1373 668 1634 736 mortuis,
1673 668 1825 736 quod
1861 668 1921 722 et
1952 667 2100 722 falsa
2136 666 2249 721 sint

230 737 438 806 omnia,
477 753 625 806 quae
663 738 734 793 de
770 736 966 793 inferis
993 754 1029 792 a
1067 739 1145 792 ud
1170 739 1371 806 poetas
1406 740 1730 806 narrentur,
1767 739 1849 806 et,
1888 736 1937 792 si
1970 754 2245 806 nusquam

231 807 339 863 sint
382 808 620 877 mortui,
664 807 733 876 ii,
780 808 932 876 quod
975 755 1120 862 mim
1165 807 1435 876 sentiant,
1480 824 1597 863 non
1638 807 1857 879 possint
1899 823 2021 862 esse
2056 807 2248 862 miseri

229 881 369 947 (cap.
415 881 616 949 6-7).
695 878 912 934 Deinde
955 878 1244 934 morituris
1287 880 1527 934 mortem
1571 895 1687 934 non
1730 895 1851 934 esse
1894 879 2105 936 malum
2153 878 2248 933 de-

229 950 540 1004 monstrare
577 949 814 1019 suscipit
848 950 990 1020 (cap.
1021 953 1092 1018 8).
1166 948 1319 1004 Mors
1357 949 1492 1018 quid
1528 949 1625 1019 sit,
1660 965 1774 1004 non
1810 951 2066 1004 constare
2099 948 2249 1003 inter

228 1018 627 1089 philosophos,
674 1019 770 1089 qui
817 1019 887 1075 de
934 1019 1108 1074 animi
1150 1022 1355 1075 natura
1407 1020 1575 1076 valde
1622 1018 1953 1076 dissentiant
1996 1021 2144 1090 (cap.
2194 1025 2247 1089 9,

231 1092 345 1159 10),
383 1106 497 1158 qua
529 1106 646 1145 non
681 1089 911 1160 cognita
943 1107 1014 1146 ne
1046 1091 1285 1146 mortem
1316 1089 1570 1159 quidem,
1607 1091 1790 1159 qualis
1826 1090 1928 1159 sit,
1963 1107 2130 1161 posse
2164 1089 2248 1144 in-

225 1159 443 1242 tellegi.
528 1160 638 1227 Qui
681 1161 930 1216 animum
975 1161 1324 1217 confundant
1368 1178 1495 1216 cum
1540 1177 1799 1232 corpore,
1844 1161 1916 1216 iis
1960 1178 2075 1216 una
2121 1178 2249 1216 cum

226 1231 336 1286 hoc
370 1231 536 1285 illum
562 1231 795 1287 interire
832 1231 1042 1301 videri,
1079 1232 1325 1300 reliquos
1354 1248 1513 1301 spem
1539 1230 1985 1287 immortalitatis
2011 1231 2249 1288 adferre.

231 1300 518 1371 Quidquid
555 1301 652 1371 sit,
688 1304 933 1357 mortem
966 1319 1082 1358 non
1116 1318 1240 1358 esse
1275 1303 1508 1357 malum.
1576 1303 1724 1357 Nam
1760 1302 1810 1357 si
1846 1301 2095 1358 intereat
2128 1302 2249 1357 ani-

227 1390 376 1442 mus,
411 1389 527 1428 non
563 1388 686 1428 esse
712 1371 1130 1441 miserum31in
1157 1375 1440 1443 superstes
1472 1372 1549 1428 sit
1574 1373 1822 1443 corpori,
1858 1373 2087 1428 beatum
2123 1388 2247 1428 esse

228 1445 372 1513 (cap.
429 1445 534 1524 11).
625 1444 1116 1499 Immortalitatem
1169 1445 1361 1499 autem
1416 1443 1591 1501 animi
1644 1442 1962 1499 confirmari
2003 1443 2249 1514 primum

228 1531 513 1583 commum
560 1514 740 1569 omnis
787 1513 1142 1582 antiquitatis
1188 1514 1528 1569 auctoritate
1574 1515 1718 1584 (cap.
1757 1519 1851 1582 12,
1891 1515 2006 1584 13),
2043 1513 2247 1568 deinde

225 1584 423 1639 nativa
458 1583 564 1639 illa
601 1584 850 1640 omnium
886 1585 1176 1640 hominum
1210 1601 1347 1640 cura
1379 1601 1569 1639 rerum
1602 1586 1735 1655 post
1758 1586 2000 1638 mortem
2033 1584 2248 1638 futura-

225 1672 350 1708 rum
387 1657 533 1724 (cap.
574 1661 643 1710 14
680 1659 815 1726 sq.),
857 1657 981 1710 tum
1018 1671 1291 1710 consensu
1327 1655 1622 1710 nationum
1658 1655 1906 1710 omnium
1956 1657 2101 1725 (cap.
2141 1655 2248 1723 16),

223 1740 396 1795 porro
433 1727 638 1780 natura
673 1726 986 1781 animorum
1021 1726 1116 1781 vel
1151 1725 1409 1794 animali,
1445 1725 1481 1780 i.
1520 1741 1568 1781 e.
1605 1724 1889 1795 spirabili,
1933 1725 2028 1780 vel
2061 1724 2249 1794 ignea,

229 1811 369 1864 qua,
424 1812 553 1850 cum
607 1813 841 1866 corpore
911 1796 1274 1866 excesserint,
1335 1797 1567 1866 propter
1628 1795 1947 1866 agilitatem
2010 1795 2249 1849 sublime

225 1865 485 1921 ferantur
521 1869 665 1937 (cap.
699 1870 804 1937 1⁷),
841 1866 1043 1922 divinis
1071 1867 1310 1936 denique
1338 1867 1530 1935 rebus,
1567 1882 1712 1934 quae
1746 1866 1807 1920 in
1834 1865 2023 1920 animo
2058 1864 2249 1935 insint,

231 1952 377 2006 quae
413 1952 520 1992 nec
555 1952 591 1991 a
628 1953 694 1992 co
765 1954 861 1993 ore
899 1937 1034 1993 oriri
1067 1955 1172 1994 nec
1206 1937 1267 1992 in
1299 1939 1456 1992 terra
1490 1939 1659 1992 natae
1696 1951 1819 1992 esse
1853 1936 2074 2007 possint
2104 1937 2248 2006 (cap.

226 2013 374 2062 24-
388 2009 497 2077 27).
584 2007 706 2074 Quo
793 2009 982 2063 autem
1025 2007 1269 2077 primum
1312 2009 1610 2079 propterea
1655 2007 1885 2077 quidam
1929 2007 2178 2061 animum
2215 2024 2251 2062 a

230 2093 466 2147 corpore
513 2076 819 2134 discretum
859 2081 1096 2148 negent,
1144 2080 1321 2148 quod,
1366 2077 1465 2133 ubi
1509 2077 1585 2134 sit
1628 2080 1728 2134 aut
1774 2076 1956 2147 qualis
1992 2077 2093 2146 sit,
2135 2093 2252 2132 non

224 2147 594 2220 intellegant,
629 2148 693 2203 id
720 2165 843 2204 esse
877 2149 1031 2218 leve,
1069 2150 1222 2218 quod
1254 2165 1362 2204 nec
1389 2149 1583 2204 oculus
1610 2165 1671 2204 se
1697 2148 1893 2205 videat
1919 2150 1979 2204 et
2012 2147 2251 2218 animus,

228 2235 572 2287 quamquam
597 2236 714 2274 non
741 2235 902 2275 suam
936 2219 1204 2288 formam,
1239 2222 1434 2276 tamen
1468 2237 1531 2275 sa
1608 2218 1867 2288 citatem,
1902 2218 2252 2288 memoriam,

224 2289 518 2358 ingenium
563 2307 724 2344 suum
765 2289 965 2345 videat
1009 2293 1154 2360 (cap.
1202 2296 1298 2359 28,
1344 2292 1450 2359 29).
1594 2290 1785 2359 einde,
1841 2290 1992 2358 quod
2043 2291 2254 2360 negent

225 2359 481 2414 animum
523 2363 822 2415 vacantem
867 2377 1102 2431 corpore
1147 2377 1270 2416 esse
1314 2377 1509 2430 posse,
1555 2362 1733 2431 quod,
1788 2362 1848 2416 et
1901 2359 2084 2430 qualis
2130 2358 2250 2413 eius

224 2430 385 2484 modi
421 2428 640 2486 animus
693 2430 769 2486 sit
812 2432 872 2486 et
917 2448 1026 2500 quo
1063 2432 1232 2486 modo
1269 2433 1451 2502 possit
1482 2448 1687 2487 vacare
1726 2446 1983 2501 corpore,
2019 2447 2135 2487 non
2168 2429 2254 2484 in-

223 2501 531 2571 tellegant,
567 2517 640 2556 ne
667 2501 728 2556 in
755 2517 988 2573 corpore
1017 2501 1262 2571 quidem,
1300 2500 1482 2570 qualis
1510 2501 1600 2571 sit,
1627 2501 1904 2570 intellegi,
1942 2499 2253 2555 difficilius-

226 2587 335 2640 que
392 2587 515 2626 esse
571 2571 824 2642 cognitu,
882 2589 992 2641 quo
1050 2573 1220 2628 modo
1273 2571 1335 2627 in
1379 2572 1564 2628 alieno
1612 2574 1671 2628 et
1714 2571 1969 2626 diversae
2014 2571 2251 2626 naturae

225 2657 466 2768 ἓῖἔξὲἔέ
496 2657 857 2768 23221230
866 2643 1449 2783 qssssmntssfissdssssfflgssi
1459 2658 1707 2768 “3333ss
1744 2640 2050 2767 ξὲἓῗὲἕιὲω
2086 2644 2250 2766 ³033}

223 2799 356 2838 cum
401 2798 434 2838 e
483 2799 714 2866 corpore
759 2784 1124 2855 excesserint,
1179 2757 1303 2839 sed’
1333 2799 1448 2838 non
1500 2799 1745 2853 semper,
1794 2781 1946 2851 quod
1990 2782 2127 2837 dent
2173 2754 2253 2850 id}

226 2853 380 2922 quod
417 2852 815 2909 difficillimum
849 2855 910 2909 in
947 2871 1117 2911 causa
1153 2854 1252 2924 sit,
1287 2871 1456 2937 posse
1482 2854 1733 2910 animum
1763 2868 1992 2908 manere
2020 2869 2253 2923 corpore

223 2925 556 2992 vacantem,
605 2925 816 2980 tollant
866 2924 953 2994 id,
1001 2925 1152 2995 quod
1204 2925 1376 2980 facile
1431 2924 1531 2994 sit,
1586 2940 1808 2994 semper
1850 2941 1980 2980 eum
2023 2939 2253 2979 manere

225 2997 372 3064 (cap.
432 2998 540 3065 32).
631 2996 830 3064 Neque
883 2995 1142 3052 Panaetii
1195 2995 1471 3051 rationem
1536 2995 1821 3066 duplicem
1874 2995 2091 3063 valere,
2157 2993 2255 3062 qui

225 3065 447 3120 animos
510 3066 779 3121 mortales
841 3066 984 3122 velit
1004 3109 1018 3136 ,
1080 3064 1323 3136 primum
1388 3066 1539 3135 quod
1559 3108 1574 3134 ,
1638 3064 1911 3134 quidquid
1972 3065 2253 3132 nascatur,

220 3134 496 3204 intereat,
553 3136 754 3192 deinde
809 3137 962 3205 quod
1015 3137 1232 3192 animus
1279 3152 1449 3207 saepe
1496 3152 1669 3207 aeger
1716 3136 1815 3204 sit3
1866 3135 2017 3205 quod
2063 3137 2255 3190 autem

224 3222 475 3331 Ἢ
507 3207 1707 3348 ἳὲἰίιέιῗὲἱῗὲἐιέᾶᾱζῖηἷῖξὶίωᾱὲοὲθίἶέθ
1735 3206 2063 3344 ἓὲθᾚᾲ.
2101 3205 2256 3331 3¹33

221 3345 455 3402 turbido
500 3349 661 3403 motu
704 3351 896 3418 vacet,
939 3365 1055 3404 non
1091 3349 1163 3402 de
1197 3347 1268 3403 iis
1303 3321 1587 3418 partibus,
1635 3364 1778 3416 quae
1830 3319 2104 3402 o’bnoxiae
2142 3344 2256 3398 sint

226 3417 570 3489 aegritudini
615 3421 760 3490 (cap.
810 3425 904 3486 32,
951 3420 1060 3488 33).
1144 3418 1358 3485 Quodsi
1401 3418 1621 3474 animus
1665 3418 1933 3484 intereat,
1980 3431 2096 3495 non
2132 3429 2253 3468 esse

223 3489 444 3559 tamen,
494 3505 664 3558 quare
710 3492 948 3545 mortem
991 3488 1317 3559 timeamus,
1359 3506 1487 3544 cum
1521 3490 1754 3558 propter
1793 3503 1919 3541 eam
1956 3484 2257 3550 rat1onem,
