2609 3884
695 147 1697 214 LIBWVCAP355913.
2075 151 2208 214 429

174 310 252 375 in
315 309 495 375 omni
572 308 1037 394 disputatione,
1111 307 1262 392 quid
1336 312 1509 373 esset
1582 309 1985 375 simillimum
2054 312 2209 396 veri,

177 415 654 499 quaereremus.
727 395 829 473 Qu
832 417 934 460 em
970 416 1217 460 morem
1255 416 1403 460 cum
1431 394 1795 462 Carneades
1834 400 2208 465 acutissime
2295 454 2299 459 .

176 485 762 569 copiosissimeque
813 483 1160 569 tenuisset,
1218 482 1491 549 fecimus
1548 488 1616 549 et
1674 485 1837 550 alias
1893 508 2087 570 saepe
2146 491 2211 552 et

175 594 390 656 nuper
433 571 504 635 in
547 571 911 637 Tusculano
921 620 939 655 ‚
983 575 1060 636 ut
1105 571 1188 636 ad
1234 592 1381 635 eam
1422 573 1949 638 consuetudinem
1995 574 2209 657 dispu-

54 684 56 713 =
118 686 150 727 s
177 663 490 725 taremus.
559 660 650 725 Et
694 657 1031 744 quadridui
1077 658 1349 743 quidem*
1373 680 1733 725 sermonem
1768 661 2210 745 superioribus

179 748 266 813 ad
320 751 388 812 te
441 747 872 832 perscriptum
926 746 1108 811 libris
1163 747 1488 831 misimus,
1544 747 1770 833 quinto
1827 752 2043 813 autem
2106 748 2209 813 die

179 856 332 901 cum
369 835 593 901 eodem
638 835 709 900 in
742 835 887 899 loco
925 834 1466 918 consedissemuS,
1511 836 1607 901 sic
1645 838 1746 899 est
1784 837 2211 922 propositum,

54 940 57 999 ἐ
177 923 262 989 de
308 945 437 1008 quo
481 922 984 1008 disputaremus:

315 1012 398 1077 A.
462 1009 632 1078 Non
702 1010 891 1075 mihi
963 1009 1273 1074 videtur
1346 1009 1437 1074 ad
1507 1010 1731 1075 beate
1800 1011 2211 1077 vivendum

52 1121 56 1159 ι
93 1126 152 1166 ιο
182 1099 384 1165 satis
429 1120 656 1183 posse
700 1099 1089 1177 virtutem.

317 1192 409 1251 M.
455 1187 548 1250 At
589 1185 852 1250 hercule
887 1184 1091 1249 Bruto
1136 1205 1281 1249 meo
1330 1184 1608 1269 videtur,
1654 1186 1832 1251 cuius
1880 1207 2001 1272 ego
2047 1187 2209 1252 iudi-

181 1274 384 1357 cium,
430 1295 587 1357 pace
631 1275 748 1338 tua
793 1272 1089 1357 dixerim,
1140 1273 1339 1357 longe
1386 1276 1713 1357 antepono
1757 1277 1891 1339 tue.

317 1324 402 1426 A'.
455 1360 608 1427 Non
643 1359 894 1443 dubito,
939 1380 1057 1424 nec
1092 1360 1160 1423 id
1195 1381 1367 1424 nunc
1405 1361 1636 1445 agitur,
1679 1363 1753 1425 tu
1788 1362 1975 1427 illum
2012 1384 2210 1447 quan-

180 1452 326 1514 tum
373 1470 548 1514 ames
557 1498 577 1533 ,
622 1448 734 1513 sed
777 1447 930 1532 hoc,
973 1446 1143 1531 quod
1188 1446 1353 1511 mihi
1399 1448 1533 1513 dixi
1577 1447 1810 1533 videri,
1867 1451 2057 1534 quale
2104 1452 2208 1535 sit,

51 1564 56 1603 ε
97 1562 156 1604 15
186 1538 265 1603 de
311 1559 438 1622 quo
485 1559 526 1601 a
567 1539 635 1601 te
682 1536 998 1619 disputari
1042 1534 1212 1599 volo.

317 1631 408 1689 M.
461 1624 712 1707 Nempe
763 1644 967 1709 negas
1023 1621 1106 1687 ad
1157 1623 1348 1687 beate
1404 1623 1749 1689 vivendum
1804 1624 1963 1690 satis
2016 1647 2212 1710 posse

183 1712 539 1779 virtutem?

317 1801 400 1865 A.
452 1799 724 1866 Prorsus
769 1820 955 1885 nege.

318 1894 410 1953 Μ.
455 1887 669 1965 Quid?
715 1887 798 1952 ad
833 1890 1032 1972 recte,
1066 1887 1369 1971 honeste,
1403 1884 1846 1973 laudabiliter,
1881 1892 2210 1973 postremo

101 2002 160 2042 20
187 1975 272 2042 ad
315 1976 480 2041 bene
523 1975 868 2040 vivendum
915 1937 1159 2041 satisne
1206 1977 1308 2039 est
1350 1974 1660 2059 praesidii
1705 1976 1775 2040 in
1819 1976 2103 2042 virtute?

321 2063 407 2128 A.
463 2060 654 2127 Certe
700 2064 880 2128 satie.

321 2155 411 2214 Μ.
472 2149 671 2215 Potes
732 2150 939 2234 igitur
1003 2154 1143 2234 aut,
1206 2150 1317 2234 qui
1380 2149 1551 2214 male
1603 2150 1807 2235 vivat,
1867 2173 2001 2216 non
2064 2175 2211 2219 eum

189 2238 501 2303 miserum
544 2237 754 2302 dicere
800 2240 940 2322 aut,
998 2259 1189 2323 quem
1244 2238 1410 2303 bene
1454 2237 1729 2323 fateare,
1783 2260 1930 2303 eum
1972 2261 2211 2327 negare

50 2342 52 2377 i
189 2327 380 2391 beate
424 2324 691 2390 vivere?

107 2438 164 2480 25
322 2413 405 2477 A.
460 2412 699 2489 Quidni
744 2412 1034 2495 possim?
1078 2435 1230 2477 nam
1274 2415 1474 2479 etiam
1519 2415 1591 2480 in
1630 2416 1975 2479 tormentis
2018 2421 2213 2501 recte,

191 2502 488 2585 honeste,
531 2499 948 2565 laudabiliter
985 2502 1051 2565 et
1085 2501 1171 2565 ob
1219 2522 1364 2565 eam
1406 2523 1545 2567 rem
1589 2501 1752 2566 bene
1797 2502 1931 2566 vivi
1975 2506 2214 2589 potest,

191 2590 368 2659 dum
388 2587 580 2654 modo
625 2588 994 2673 intellegas,
1039 2586 1194 2673 quid
1237 2610 1411 2653 nunc
1457 2589 1667 2654 dicam
1712 2588 1926 2654 ‘bena
1928 2588 1949 2617 '
2044 2590 2213 2657 Dico

117 2744 125 2751 ,
193 2679 361 2742 enim
418 2680 820 2762 constanter,
873 2675 1187 2761 graviter,
1243 2678 1595 2761 sapienter,
1647 2676 1923 2743 fortiter.
2029 2677 2212 2744 Haec

193 2766 388 2830 etiam
442 2765 514 2829 in
567 2763 854 2830 eculeum
909 2764 1304 2847 coiciuntur,
1359 2786 1485 2849 quo
1540 2764 1678 2829 vita
1729 2785 1862 2829 non
1921 2766 2214 2850 adspirat

111 2879 169 2920 so
192 2855 403 2918 beata.

321 2946 415 3006 M.
459 2939 630 3016 Quid
673 2939 920 3026 igitur?
977 2940 1202 3004 solane
1245 2940 1441 3004 beata
1484 2939 1649 3023 vita,
1702 2961 1969 3025 quaeso,
2013 2942 2211 3007 relin-

195 3028 408 3113 quitur
442 3032 625 3093 extra
662 3029 902 3093 ostium
938 3028 1261 3111 limenque
1297 3028 1609 3110 carceris,
1644 3048 1789 3093 cum
1824 3031 2214 3114 constantia,

194 3116 509 3200 gravitas,
560 3116 902 3199 fortitudo,
959 3115 1284 3201 sapientia
1338 3116 1747 3199 reliquaeque
1791 3116 2067 3181 virtutes
2108 3140 2210 3182 ra-

194 3203 456 3287 piantur
507 3203 590 3267 ad
643 3205 957 3269 tortorem
1009 3204 1392 3287 nullumque
1445 3206 1741 3268 recusent
1793 3224 1913 3269 nec
1963 3204 2210 3288 suppli-

115 3316 170 3357 35
196 3290 362 3355 cium
407 3310 526 3356 nec
571 3289 900 3355 dolorem?

320 3379 405 3444 A.
459 3377 582 3461 Tu,
628 3377 685 3442 si
731 3377 888 3461 quid
923 3398 992 3441 es
1035 3377 1353 3462 facturus,
1394 3396 1568 3444 nova
1610 3378 1826 3461 aliqua
1870 3379 2209 3462 conquiras

197 3469 477 3551 oportet3
521 3466 650 3530 ista
683 3486 786 3529 me
823 3464 1089 3529 minime
1126 3470 1415 3552 movent,
1459 3487 1590 3531 non
1626 3466 1836 3530 solum
1878 3467 2031 3550 quia
2064 3488 2209 3551 per

2252 2698 2317 2748 13
