2609 3884
445 133 582 197 404
840 130 1437 188 TUSCULANARUM
1470 129 2078 187 DISPUTATIONUM

447 295 964 379 voluptatem
1011 294 1248 359 animi
1283 294 1598 359 nimiam
1636 316 2001 359 summum
2049 314 2225 359 esse
2278 316 2505 359 erro-

445 382 634 448 rem'
684 383 1057 449 arbitratur.
1146 382 1394 448 Eorum
1438 382 1639 466 igitur
1685 382 2006 447 malorum
2051 382 2122 446 in
2169 403 2323 447 una
2374 383 2505 447 vir-

444 475 587 537 tute
630 471 847 555 posita
888 470 1139 535 sanatio
1188 473 1303 535 est.

343 566 426 631 16
579 558 750 637 Quid
803 562 1021 624 autem
1075 562 1174 623 est
1224 580 1360 624 non
1412 558 1713 623 miserius
1761 557 1998 642 solum,
2058 557 2175 621 sed
2218 558 2503 623 foedius

446 648 646 712 etiam
672 650 739 712 et
775 646 1122 712 deformius
1159 668 1354 731 quam
1386 645 1787 731 aegritudine
1825 646 1969 732 quis
2008 645 2355 725 adflictus,
2397 648 2501 711 de·
2526 656 2552 706 ⁶³

445 736 773 819 bilitatus,
819 735 1081 800 iacens?
1169 732 1292 799 Cui
1337 734 1639 799 miseriae
1684 755 2033 817 proxumus
2080 737 2185 797 est
2230 734 2337 817 is,
2392 735 2499 820 qui

447 824 973 908 adpropinquans
1029 821 1294 907 aliquod
1348 822 1591 887 malum
1644 821 1878 887 metuit
1936 821 2498 907 exanimatusque

443 912 685 995 pendet
737 912 954 976 animi.
1063 909 1271 987 Quam
1325 910 1458 975 vim
1512 910 1671 974 mali
1734 910 2179 995 significantes
2243 915 2497 995 poetae

443 998 814 1083 impendere
862 998 1033 1082 apud
1077 998 1325 1063 inferos
1372 1020 1597 1063 saxum
1644 996 1924 1063 Tantalo
1968 997 2222 1062 faciunt

535 1106 644 1186 Ob
683 1120 983 1186 scelera
1020 1120 1408 1205 animique
1446 1118 1967 1205 inpotentiam
2011 1122 2085 1184 et
2116 1124 2495 1205 superbi-

1777 1207 2299 1293 loquentiam.
2511 1233 2535 1272 ιι

443 1349 545 1415 Ea
599 1349 959 1415 communis
1015 1369 1226 1433 poena
1291 1348 1610 1415 stultitiae
1675 1352 1792 1415 est.
1898 1346 2220 1414 Omnibus
2296 1353 2493 1433 enim,

446 1459 720 1522 quorum
766 1458 946 1502 mens
996 1436 1305 1502 abhorret
1350 1460 1390 1501 a
1431 1438 1713 1521 ratione,
1772 1457 2026 1520 semper
2068 1437 2281 1521 aliqui
2336 1441 2492 1504 talis

344 1547 411 1598 86
447 1530 658 1591 terror
703 1524 1049 1609 impendet.
1121 1525 1338 1610 Atque
1375 1528 1450 1589 ut
1490 1524 1655 1590 haec
1697 1525 1999 1590 tabificae
2043 1526 2293 1590 mentis
2349 1549 2491 1611 per-

445 1614 852 1679 turbationes
913 1617 1090 1696 sunt,
1154 1612 1628 1697 aegritudinem
1692 1614 1833 1679 dico
1898 1615 1967 1677 et
2027 1616 2319 1697 metum,
2403 1617 2490 1680 sic

444 1702 784 1767 hilariores
855 1701 1035 1784 illae,
1103 1701 1424 1784 cupiditas
1488 1700 1672 1766 avide
1736 1722 1990 1785 semper
2052 1701 2315 1785 aliquid
2391 1726 2487 1768 ex·
2506 1726 2529 1765 15

445 1792 672 1871 petens
710 1791 777 1853 et
819 1788 1032 1854 inanis
1071 1787 1401 1871 alacritas,
1447 1789 1517 1853 id
1554 1793 1654 1854 est
1697 1789 1949 1853 laetitia
1985 1789 2303 1875 gestiens,
2356 1814 2487 1857 non

446 1877 724 1942 multum
777 1876 1079 1942 differunt
1134 1877 1217 1942 ab
1283 1877 1584 1942 amentia.
1690 1876 1794 1956 Ex
1854 1898 1982 1961 quo
2044 1877 2485 1964 intellegitur,

447 1964 660 2049 qualis
697 1964 812 2029 ille
848 1965 961 2047 sit,
1007 1985 1197 2047 quem
1231 1968 1375 2030 tum
1410 1965 1841 2049 moderatum,
1887 1964 2048 2028 alias
2085 1965 2483 2051 modestum,

447 2058 579 2117 tum
640 2056 1111 2135 temperantem
1125 2100 1141 2131 ‚
1207 2051 1371 2117 alias
1434 2056 1842 2119 constantem
1904 2052 2481 2139 continentemque

447 2140 747 2225 dicimus3
790 2160 924 2204 non
966 2162 1322 2224 numquam
1366 2140 1526 2206 haec
1572 2141 1796 2206 eadem
1845 2140 2159 2205 vocabula
2208 2142 2298 2205 ad
2349 2144 2476 2207 fru-
2497 2168 2527 2207 so

446 2227 736 2312 galitatis
788 2248 1026 2291 nomen
1077 2232 1412 2312 tamquam
1465 2228 1548 2293 ad
1602 2232 1798 2313 caput
1848 2228 2088 2292 referre
2147 2229 2475 2296 volumus.

448 2314 763 2391 Quodnisi
809 2335 883 2379 eo
928 2315 1189 2381 nomine
1236 2317 1509 2381 virtutes
1556 2317 2063 2399 continerentur,
2109 2338 2475 2403 numquam

445 2403 540 2467 ita
592 2402 1044 2487 pervolgatum
1089 2404 1250 2469 illud
1303 2407 1500 2489 esset,
1554 2408 1630 2469 ut
1682 2405 1816 2469 iam
1867 2403 2197 2488 proverbii
2256 2405 2475 2471 locum
2551 2440 2552 2455 π

448 2491 796 2576 obtineret,
843 2490 1204 2556 ‘hominem
1248 2492 1423 2576 frugi
1467 2493 1686 2557 omnia
1730 2495 1901 2557 reete
1946 2490 2211 2556 facere'.
2284 2492 2473 2569 Quod

444 2578 618 2643 idem
672 2601 817 2644 cum
861 2577 1063 2644 Stoici
1117 2580 1194 2643 de
1241 2581 1535 2663 sapiente
1581 2580 1829 2665 dicunt,
1878 2579 2075 2645 nimis
2122 2579 2471 2647 admirabi-
2492 2606 2525 2647 ε

344 2734 424 2797 17
444 2668 596 2732 liter
640 2667 959 2768 nimisque
1005 2667 1347 2769 magnifice
1395 2668 1632 2770 dicere·
1649 2668 1970 2733 videntur.
1993 2756 2007 2770 ·

339 2810 408 2859 ⁸⁷
448 2754 1289 2926 stantffffqffgeussffiffiff
1337 2758 1447 2908 332⁵
1452 2806 1470 2839 ’
1492 2755 1955 2927 &13⁰ssssss
1954 2759 2308 2927 ffissffls
2315 2778 2404 2929 ‚⁰⁰
2402 2780 2472 2911 31}

443 2950 563 2993 nec
616 2930 909 2995 tabescat
960 2930 1278 2996 molestiis
1334 2952 1451 2996 nec
1512 2931 1853 3016 frangatur
1914 2932 2149 2996 timore
2200 2952 2329 2997 nec
2392 2935 2468 2999 si-

444 3017 683 3082 tienter
736 3018 890 3102 quid
944 3022 1250 3103 expetens
1305 3020 1531 3085 ardeat
1585 3017 1899 3084 desiderio
1953 3039 2072 3085 nec
2128 3019 2467 3087 alacritate
2488 3046 2524 3085 so

445 3103 654 3169 futtili
691 3106 974 3191 gestiens
1014 3106 1426 3192 deliquescat,
1459 3107 1517 3173 is
1546 3111 1646 3173 est
1683 3107 1961 3192 sapiens,
1997 3128 2189 3191 quem
2216 3112 2467 3192 quaeri-

446 3214 618 3275 muS,
672 3194 729 3257 is
786 3196 886 3257 est
937 3193 1195 3278 beatus,
1253 3195 1358 3259 cui
1401 3196 1568 3260 nihil
1612 3195 2310 3259 humanarum-rerum
2361 3201 2470 3262 aut

445 3280 858 3345 intolerabile
906 3280 986 3343 ad
1030 3280 1498 3347 demittendum
1536 3283 1826 3349 animum
1866 3285 1979 3347 aut
2021 3283 2216 3347 nimis
2265 3284 2467 3349 laeta-

445 3367 576 3431 bile
613 3366 694 3431 ad
732 3366 1135 3432 ecferendum
1181 3368 1386 3434 videri
1430 3374 1665 3454 potest.
1739 3370 1909 3447 Quid
1953 3372 2126 3435 enim
2172 3370 2469 3438 videatur
2551 3412 2552 3425 κ

447 3454 509 3517 ei
562 3472 871 3537 magnum
923 3454 995 3518 in
1047 3456 1239 3521 rebus
1298 3458 1625 3542 humanis,
1692 3458 1794 3523 cui
1848 3459 2199 3527 aeternitas
2257 3462 2467 3526 omnis
2490 3484 2552 3525 ειεἸ
