2609 3884
383 121 511 185 164
705 120 802 174 DE
839 117 1128 173 FIMBUS
1163 116 1527 174 BONORUM
1558 117 1657 172 ΕΤ
1694 114 2061 172 MALORUM

377 281 587 348 omnis
663 280 863 346 animi
925 283 992 343 et
1053 279 1422 361 voluptates
1487 282 1553 343 et
1624 278 1879 343 dolores
1952 277 2035 342 ad
2105 276 2394 358 corporis

377 371 745 453 voluptates
793 390 869 433 ac
915 367 1171 431 dolores
1215 365 1583 449 pertinere?
1680 364 1950 431 Nihilne
1994 368 2061 428 te
2121 365 2397 428 delectat

375 479 682 541 umquam
739 452 982 541 (video,
1027 454 1284 538 quicum
1327 452 1613 538 loquar),
1658 457 1725 518 te
1769 453 1997 537 igitur,
2055 451 2397 535 Torquate,

375 546 590 630 ipsum
664 565 782 627 per
855 564 923 608 se
993 542 1159 606 nihil
1232 541 1551 606 delectat?
1670 540 1917 606 Omitto
1995 540 2399 623 dignitatem,

375 634 811 716 honestatem,
867 630 1144 714 speciem
1186 630 1397 712 ipsam
1442 630 1784 712 virtutum,
1839 629 1914 693 de
1971 628 2201 713 quibus
2250 632 2401 692 ante
2430 651 2457 691 5

378 721 620 786 dictum
675 723 800 803 est,
862 718 1022 782 haec
1081 718 1329 781 leviora
1380 738 1653 800 ponam:
1715 721 1975 800 poema,
2040 716 2403 779 orationem

378 831 525 874 cum
591 809 704 871 aut
766 806 996 872 scribis
1061 808 1176 869 aut
1234 804 1427 890 leg1S,
1502 827 1644 870 cum
1711 804 1997 869 omnium
2060 804 2402 887 factorum,

377 918 523 962 cum
586 894 922 980 regionum
987 892 1312 977 conquiris
1375 892 1743 977 historiam,
1806 894 2094 977 signum,
2155 892 2402 976 tabula,

375 984 559 1049 locus
607 1003 940 1066 amoenuS,
1007 980 1174 1063 ludi,
1235 982 1491 1046 venatio
1504 1031 1523 1065 ,
1586 982 1741 1046 villa
1794 979 2049 1046 Luculli
2103 978 2283 1065 (nam
2344 981 2403 1043 si

379 1069 604 1135 ‘tuam'
663 1070 966 1153 dicerem,
1016 1068 1338 1133 latebram
1383 1067 1681 1153 haberes3
1742 1069 1823 1133 ad
1878 1091 2107 1152 corpus
2154 1068 2399 1133 diceres
2432 1093 2487 1131 ιο

376 1155 758 1242 pertinere),
805 1157 918 1221 sed
965 1178 1067 1241 ea,
1114 1178 1278 1241 quae
1326 1156 1486 1240 dixi,
1531 1157 1612 1221 ad
1658 1178 1974 1240 corpusne
2021 1156 2265 1220 refers?
2314 1178 2397 1220 an

378 1249 478 1310 est
531 1245 801 1329 aliquid,
856 1244 1028 1328 quod
1079 1247 1146 1308 te
1203 1266 1319 1309 sua
1374 1248 1605 1327 sponte
1660 1244 1976 1309 delectet?
2077 1244 2212 1308 Aut
2255 1265 2400 1327 per-

377 1333 820 1398 tinacissimus
865 1332 1064 1396 fuer1s
1073 1382 1091 1416 ,
1147 1332 1204 1396 si
1251 1333 1609 1415 perstiteris
1656 1332 1738 1396 ad
1792 1354 2024 1416 corpus
2078 1354 2201 1421 88,
2236 1354 2399 1415 01188

380 1420 545 1505 dixi,
615 1420 880 1504 referre,
955 1424 1066 1484 aut
1129 1420 1484 1483 deserueris
1551 1422 1761 1484 totam
1832 1420 2101 1502 Epicuri
2172 1415 2397 1502 volup-

146 1591 148 1593 ,
277 1530 378 1581 108
420 1511 650 1593 tatem,
696 1508 752 1571 si
795 1508 1152 1593 negaveris
1230 1506 1415 1584 Quod
1459 1529 1610 1572 vero
1658 1529 1697 1571 a
1740 1511 1805 1571 te
1852 1508 2253 1591 disputatum
2298 1510 2400 1571 est
2429 1532 2489 1571 15

377 1597 655 1662 maiores
710 1617 847 1660 esse
903 1596 1272 1679 voluptates
1332 1598 1397 1659 et
1451 1595 1705 1660 dolores
1760 1595 1961 1659 animi
2014 1617 2205 1679 quam
2260 1616 2397 1659 cor-

377 1684 582 1768 90118,
649 1684 800 1768 01118
870 1684 1071 1748 trium
1140 1686 1506 1766 temporum
1569 1682 1894 1766 particeps
1968 1684 2220 1747 animus
2294 1685 2400 1765 sit,

379 1793 649 1855 corpore
714 1774 930 1835 autem
990 1771 1360 1854 praesentia
1419 1770 1630 1835 solum
1695 1771 2082 1855 sentiantur,
2149 1771 2258 1854 qui
2331 1772 2400 1834 id

377 1860 643 1942 probari
685 1862 932 1942 potest,
976 1862 1052 1921 ut
1094 1859 1177 1941 is,
1224 1858 1334 1941 qui
1377 1862 1643 1941 propter
1681 1879 1785 1922 me
1822 1858 2065 1942 aliquid
2102 1859 2399 1943 gaudeat,

375 1946 524 2029 PIUS
570 1967 762 2030 quam
800 1966 920 2030 ego
965 1945 1104 2029 ipse
1151 1944 1477 2029 gaudeat?
1552 1945 1815 2025 [Animo
1852 1947 2152 2030 voluptas
2192 1948 2400 2011 oritur
2426 1970 2487 2008 20
2591 1968 2592 2043 ff

375 2036 644 2117 propter
698 2034 1101 2116 voluptatem
1155 2034 1471 2115 00190118,
1526 2036 1593 2097 et
1647 2035 1856 2098 maior
1900 2038 2001 2099 est
2046 2034 2242 2097 animi
2287 2056 2395 2098 vo-

375 2122 595 2203 luptas
650 2142 844 2204 quam
896 2119 1200 2203 corporis,
1298 2119 1402 2183 Ita
1453 2120 1557 2204 fit,
1609 2125 1685 2185 ut
1747 2122 2109 2206 gratulator
2166 2122 2398 2186 laetior

378 2207 466 2271 sit
510 2229 702 2291 quam
744 2207 829 2291 is,
875 2206 980 2270 cui
1025 2208 1431 2291 gratulatur]
1508 2206 1657 2287 Sed,
1705 2208 1857 2273 dum
1903 2210 2152 2273 efficere
2196 2210 2394 2273 vultis

375 2295 640 2359 beatum
703 2294 1086 2378 sapientem,
1152 2316 1297 2359 cum
1361 2296 1675 2360 maximas
1742 2297 1960 2362 animo
2024 2298 2395 2380 voluptates

375 2382 694 2467 percipiat
738 2382 1162 2466 omnibusque
1207 2384 1500 2465 partibus
1547 2384 1825 2448 maiores
1872 2407 2065 2469 quam
2112 2406 2396 2469 corpore,
2424 2407 2485 2447 25

375 2469 530 2553 quid
585 2473 904 2553 occurrat,
958 2491 1092 2533 non
1142 2470 1397 2535 videtis.
1484 2470 1710 2537 Animi
1770 2472 1941 2536 enim
1987 2494 2237 2556 quoque
2284 2473 2395 2537 do-

373 2559 543 2622 lores
597 2558 912 2641 percipiet
967 2558 1264 2622 omnibus
1320 2559 1614 2642 partibus
1669 2560 1945 2624 maiores
2002 2582 2196 2644 quam
2259 2582 2396 2623 cor-

373 2646 567 2728 poris.
655 2644 760 2709 Ita
814 2645 1010 2709 miser
1064 2645 1153 2709 sit
1206 2646 1549 2729 aliquando
1606 2668 1865 2711 necesse
1919 2652 2019 2711 est
2062 2649 2149 2731 is,
2203 2669 2397 2731 quem

373 2754 489 2796 vos
552 2733 818 2797 beatum
885 2755 1136 2816 semper
1198 2734 1397 2798 vultis
1462 2755 1625 2819 esse,
1686 2756 1807 2799 nec
1868 2756 2021 2800 vero
2084 2734 2176 2817 id,
2240 2736 2397 2799 dum

376 2820 596 2883 omnia
651 2820 735 2883 ad
785 2821 1187 2904 voluptatem
1241 2821 1655 2905 doloremque
1718 2822 2038 2906 referetis,
2097 2823 2393 2887 efficietis
2424 2844 2481 2884 8ο
2591 2826 2592 2861 ³

275 2928 371 2975 109
417 2928 741 2989 umquam.
851 2907 1062 2982 Quare
1129 2908 1309 2973 aliud
1365 2909 1648 2992 aliquod,
1710 2909 2057 2993 Torquate,
2110 2910 2395 2974 hominis

375 3015 698 3057 summum
755 2994 999 3057 bonum
1045 2995 1491 3077 reperiendum
1536 3000 1664 3079 est,
1718 2997 2117 3080 voluptatem
2165 2998 2395 3062 bestiis

375 3081 820 3159 concedamus,
877 3081 1109 3164 quibus
1156 3103 1270 3147 vos
1335 3082 1411 3145 de
1460 3106 1707 3148 summo
1754 3084 1925 3149 bono
1971 3085 2247 3149 testibus
2295 3088 2393 3149 uti

375 3167 615 3232 soletis,
725 3130 918 3250 Quid,
981 3169 1038 3231 si
1091 3169 1287 3232 etiam
1345 3171 1588 3235 bestiae
1652 3172 1859 3235 multa
1922 3172 2171 3236 faciunt
2233 3173 2394 3235 duce

375 3277 492 3318 sua
547 3276 837 3355 quaeque
889 3259 1124 3319 natura
1176 3257 1419 3340 partim
1474 3258 1883 3343 indulgenter
1937 3260 2041 3323 vel
2098 3282 2241 3323 cum
2305 3262 2395 3324 18-
2424 3282 2475 3320 35

371 3343 553 3425 bore,
595 3344 672 3406 ut
715 3343 783 3405 in
828 3342 1176 3427 gignendo,
1221 3345 1292 3407 in
1339 3345 1694 3428 educandO,
1738 3346 2041 3429 perfacile
2084 3354 2157 3411 ut
2194 3370 2393 3430 appa-

372 3433 510 3493 reat
565 3429 741 3494 aliud
796 3430 1096 3514 quiddam
1150 3431 1232 3495 iis
1286 3433 1719 3517 propositum,
1771 3456 1907 3500 non
1949 3435 2393 3517 voluptatem?
