2609 3884
411 156 547 220 272
742 155 840 209 DE
875 154 1166 224 FINIBUS
1203 154 1565 210 BONORUM
1600 155 1695 208 ΕΤ
1733 154 2097 210 MALORUM

412 317 760 382 Persarum
813 337 1040 402 magos
1087 316 1290 382 adiit?
1346 337 1459 382 cur
1508 319 1728 381 tantas
1774 316 2071 400 regiones
2128 315 2439 380 barbaro-

411 428 557 470 rum
612 404 885 488 pedibus
943 404 1132 487 obiit,
1196 406 1298 469 tot
1350 404 1559 468 maria
1624 402 2035 469 transmisit?
2101 424 2209 468 cur
2273 402 2440 470 haec

417 494 641 559 eadem
684 491 1140 558 Democritus}>
1188 493 1299 577 qui
1344 490 1520 577 (vere
1563 490 1842 570 falsone,
1904 512 2207 575 quaerere
2262 492 2442 555 nolu-

413 579 588 682 111113)
625 581 858 645 dicitur
893 602 962 645 se
1000 580 1204 645 oculis
1240 580 1559 662 privasse3
1598 583 1785 662 certe,
1825 541 1902 644 ’ut
1937 601 2129 663 quam
2166 579 2440 642 minime

415 670 667 734 animus
741 691 782 733 a
851 668 1361 754 cogitationibus
1440 667 1889 751 abduceretur,
1964 666 2440 752 patrimonium
2466 695 2489 735 ⁵

414 757 724 842 neglexit,
771 777 962 841 agros
1010 756 1293 821 deseruit
1336 756 1643 837 incultOS,
1691 755 1846 839 quid
1895 776 2208 839 quaerens
2258 755 2442 819 aliud

413 847 541 910 nisi
586 845 793 910 vitam
838 843 1138 908 beatam?
1230 843 1440 921 Quam
1490 844 1548 908 si
1594 842 1792 907 etiam
1836 843 1909 907 in
1952 865 2167 908 rerum
2213 843 2443 927 cogni-

413 935 593 1020 tione
649 932 959 1032 ponebat,
1021 935 1245 1001 tamen
1299 953 1380 996 ex
1432 931 1549 996 illa
1600 931 2099 1015 investigatione
2160 935 2443 995 naturae

417 1020 722 1103 consequi
767 1018 1055 1103 volebat,
1102 1020 1271 1084 bono
1318 1023 1393 1083 ut
1438 1021 1611 1083 esset
1656 1019 1889 1084 animo.
1979 1017 2056 1083 Id
2108 1020 2286 1084 enim
2330 1019 2443 1082 ille

417 1129 740 1172 summum
776 1107 1017 1171 bonum
1036 1068 1393 1190 εὐθυμίαν
1430 1110 1495 1171 et
1524 1128 1717 1190 saepe
1745 1101 2091 1190 ἀθαμβίαν
2129 1107 2446 1190 appellat,
2472 1135 2515 1173 10

305 1219 380 1269 88
416 1197 481 1261 id
529 1198 628 1260 est
672 1195 959 1258 animum
1002 1198 1248 1259 terrore
1293 1195 1587 1260 liberum.
1687 1192 1811 1259 Sed
1864 1195 2027 1259 haec
2072 1195 2195 1259 etsi
2250 1216 2445 1278 prae·
2564 1213 2566 1218 ⁴

418 1285 615 1367 clare,
659 1282 945 1347 nondum
990 1287 1210 1347 tamen
1264 1283 1605 1367 perpolita.
1704 1280 1919 1348 Pauca
1972 1304 2169 1366 emm,
2227 1303 2445 1367 neque

416 1394 493 1436 ea
546 1370 690 1454 ipsa
745 1370 1100 1455 enucleate,
1157 1371 1237 1434 ab
1293 1371 1419 1435 1100
1482 1369 1563 1434 (16
1625 1370 1864 1435 virtute
1929 1369 2189 1454 quidem
2242 1371 2444 1436 dicta.

413 1460 574 1526 Post
618 1458 790 1523 enim
836 1457 998 1522 haec
1033 1458 1104 1522 in
1139 1458 1262 1523 hac
1308 1459 1467 1523 urbe
1512 1457 1794 1541 primum
1832 1479 1872 1522 a
1908 1456 2173 1523 Socrate
2210 1460 2443 1542 quaeri

415 1550 669 1630 coepta,
729 1547 955 1610 deinde
1001 1547 1072 1611 in
1114 1545 1285 1611 hunc
1330 1546 1543 1610 locum
1597 1546 1813 1610 delata
1858 1549 2034 1629 3111111,
2086 1567 2204 1611 1160
2249 1546 2443 1611 dubi·
2470 1571 2512 1612 ιο

413 1638 652 1719 tatum,
699 1635 856 1719 quin
899 1635 968 1698 in
1001 1635 1241 1699 virtute
1279 1635 1491 1698 omnis
1528 1637 1603 1698 ut
1645 1634 1836 1712 bene,
1883 1634 1975 1698 sic
2012 1635 2208 1699 etiam
2243 1634 2441 1700 beate

414 1723 672 1789 vivendi
719 1744 868 1805 spes
912 1726 1277 1805 poneretur.
1380 1722 1558 1798 Quae
1604 1742 1749 1786 cum
1795 1721 1966 1787 Zeno
2018 1721 2358 1787 didicisset
2405 1746 2443 1788 a

413 1812 684 1896 nostris,
730 1815 804 1874 ut
845 1810 918 1876 in
965 1810 1328 1874 actionibus
1374 1809 1726 1894 praescribi
1774 1809 1967 1893 solet,
2015 1809 2141 1874 ‘DE
2187 1828 2441 1874 EADEM

413 1918 504 1965 ΒΕ
556 1900 811 1980 [FECIT]
859 1915 1025 1965 ALIO
1071 1914 1290 1964 MODO.
1293 1895 1315 1924 '
1388 1897 1533 1963 Hoc
1576 1901 1650 1961 tu
1693 1919 1863 1963 nunc
1899 1898 1971 1962 in
2015 1897 2130 1962 illo
2176 1900 2439 1981 probas,

414 1987 678 2053 Scilicet
720 1986 1052 2050 vocabulis
1096 2007 1312 2049 rerum
1357 1985 1625 2050 mutatis
1669 1985 2142 2051 inconstantiae
2189 1987 2439 2052 crimen
2464 2014 2506 2052 20

412 2075 522 2140 ille
570 2074 822 2158 effugit,
868 2094 989 2137 nos
1037 2073 1316 2158 effugere
1370 2094 1501 2137 11011
1558 2075 1929 2156 possumus!
2020 2073 2139 2138 Ille
2184 2073 2441 2140 Metelli

413 2165 617 2227 vitam
680 2164 877 2241 negat
929 2161 1286 2225 beatiorem
1344 2183 1537 2245 quam
1592 2161 1854 2246 Reguli,
1912 2155 2439 2264 praeponendam

415 2255 662 2350 tamen,
715 2270 834 2312 nec
880 2249 1092 2331 magis
1139 2248 1589 2332 expetendam,
1646 2250 1785 2314 sed
1780 2250 2011 2335 magis
2058 2251 2440 2316 sumendam

415 2342 506 2420 et,
553 2337 610 2401 si
656 2336 835 2418 optio
883 2340 1078 2419 esset,
1135 2335 1502 2422 eligendam
1546 2300 1819 2420 Kletelli,
1874 2337 2115 2422 Reguli
2168 2339 2437 2404 reicien-

416 2426 592 2509 dam3
637 2444 786 2508 ego,
830 2446 1025 2508 quam
1060 2386 1184 2488 'ille
1227 2416 1751 2509 praeponendam
1807 2429 1872 2489 et
1924 2426 2135 2527 magis
2192 2426 2437 2512 eligen-
2464 2452 2508 2492 25

418 2514 594 2596 dam,
655 2512 1011 2577 beatiorem
1070 2512 1241 2577 110110
1295 2513 1553 2597 appello
1615 2535 1733 2577 nec
1788 2513 1918 2578 ullo
1977 2514 2243 2579 minimo
2298 2536 2439 2581 mo·

307 2624 378 2674 89
417 2605 637 2666 mento
696 2600 841 2683 plus
903 2600 962 2664 61
1021 2602 1194 2664 vitae
1255 2602 1473 2665 tribuo
1534 2622 1726 2684 quam
1787 2598 2004 2667 Stoici.
2112 2601 2278 2677 Quid
2342 2603 2439 2667 in-

414 2693 644 2771 terest,
696 2688 825 2753 nisi
881 2689 1051 2773 quod
1098 2709 1218 2774 ego
1266 2710 1369 2752 res
1416 2691 1606 2753 notas
1652 2689 1822 2753 notis
1878 2689 2092 2753 verbis
2155 2690 2439 2774 appello,

415 2777 516 2841 illi
556 2775 824 2841 nomina
867 2798 1036 2841 nova
1081 2780 1427 2877 quaerunt,
1473 2777 1706 2861 quibus
1752 2776 1926 2840 idem
1971 2775 2233 2841 dicant?
2314 2776 2438 2861 Ita,

415 2887 606 2948 quem
669 2863 752 2928 ad
815 2864 1076 2928 modum
1131 2865 1201 2928 in
1255 2868 1488 2929 senatu
1542 2885 1793 2947 semper
1850 2868 1950 2928 est
2008 2865 2271 2949 aliquis,
2327 2868 2439 2951 qui
2464 2891 2511 2930 30

414 2953 836 3033 interpretem
899 2952 1212 3033 postulet,
1287 2952 1379 3016 sic
1441 2951 1555 3017 isti
1618 2952 1809 3017 nobis
1873 2974 2019 3017 cum
2081 2953 2436 3037 interprete

415 3038 717 3104 audiendi
773 3040 939 3102 sunt.
1047 3036 1302 3104 Bonum
1368 3039 1650 3123 appello,
1712 3039 2013 3123 quicquid
2086 3040 2437 3106 secundum

415 3130 719 3192 naturam
765 3129 890 3208 est,
938 3126 1107 3211 quod
1151 3131 1393 3211 contra,
1440 3127 1711 3212 malum,
1755 3149 1873 3193 1160
1910 3149 2030 3212 ego
2070 3127 2277 3212 solus,
2326 3129 2438 3194 sed

414 3219 490 3279 tu
528 3215 753 3297 etiam,
801 3211 1191 3299 Chrysippo,
1236 3216 1305 3279 in
1342 3213 1512 3300 foro,
1562 3215 1761 3301 domi3
1808 3216 1875 3280 in
1914 3216 2137 3281 schola
2174 3217 2435 3282 desinis,

417 3302 585 3378 Quid
639 3303 838 3387 ergo?
895 3303 1084 3367 aliter
1136 3302 1460 3386 homines,
1526 3303 1713 3368 aliter
1774 3303 2195 3387 philosophos
2256 3305 2435 3390 loqui
2462 3329 2509 3370 35

416 3394 608 3474 putas
666 3389 1007 3473 oportere?
1111 3388 1354 3465 Quanti
1410 3389 1685 3474 quidque
1741 3393 1851 3475 sit,
1906 3391 2095 3455 aliter
2149 3392 2327 3457 docti
2373 3397 2435 3456 et

416 3477 688 3560 indocti·
747 3477 858 3542 sed
913 3497 1060 3541 cum
1114 3477 1481 3540 constiterit
1533 3478 1704 3542 inter
1750 3477 2003 3564 doctos,
2057 3481 2281 3562 quanti
2330 3501 2433 3546 res
