2609 3884
627 141 763 199 ΠΒ.
800 143 870 198 11.
927 141 1080 197 CAP.
1119 148 1366 199 30—32.
1423 149 1454 211 s
1492 148 1773 201 98—102.
2130 147 2217 211 65

186 306 310 371 sed
359 305 606 370 similia
633 305 796 389 veri3
843 327 1007 388 quae
1040 305 1170 369 nisi
1214 307 1466 390 probet,
1511 306 1719 371 omnis
1749 306 1886 373 vita
1931 307 2219 373 tollatur.

188 393 369 471 Quid
413 392 631 458 enim?
698 392 1130 458 conscendens
1184 415 1417 459 navem
1474 395 1731 478 sapiens
1785 415 1943 463 num
2004 417 2174 460 com·
2224 415 2325 466 100

187 482 590 565 prehensum
637 480 852 545 animo
912 481 1116 546 habet
1168 484 1363 565 atque
1417 485 1792 566 perceptum
1839 504 1907 547 se
1956 505 2032 547 ex
2079 505 2218 548 sen-

188 570 410 633 tentia
450 568 956 654 navigaturum?
1002 569 1113 653 qui
1156 568 1417 652 potest?
1522 568 1650 635 Sed
1694 570 1751 635 si
1796 571 1927 635 iam
1974 592 2052 635 ex
2095 570 2221 636 hoc

133 683 163 725 ιι
190 658 342 722 loco
403 656 852 740 proficiscatur
893 656 1204 721 Puteolos
1253 656 1467 722 stadia
1523 657 1797 741 triginta
1857 659 2061 742 probo
2105 681 2218 723 na-

189 745 615 898 33322213023
653 744 2219 899 ffiefflfflZffiffimefflbffi

124 978 130 983 .
189 921 405 1006 igitur
449 920 609 985 visis
656 920 928 985 consilia
984 921 1196 1003 capiet
1249 922 1317 985 et
1380 920 1616 1006 agendi
1675 924 1743 986 et
1793 942 1928 987 non
1986 922 2219 1006 agendi

189 1008 576 1091 faciliorque
621 1007 776 1091 erit,
838 1012 913 1073 ut
968 1009 1186 1072 albam
1234 1030 1375 1073 esse
1430 1009 1648 1074 nivem
1702 1010 1963 1093 probet,
2026 1031 2219 1093 quam

109 1122 163 1162 10
192 1100 342 1161 erat
386 1096 842 1180 Anaxagoras,
900 1097 1012 1180 qui
1055 1096 1123 1160 id
1167 1117 1299 1161 non
1346 1096 1537 1161 modo
1590 1098 1687 1162 ita
1732 1118 1870 1162 esse
1914 1098 2220 1183 negabat,
2280 1108 2287 1113 '

192 1184 309 1251 sed
368 1184 521 1267 sibi,
588 1184 740 1268 quia
793 1183 989 1249 sciret
1033 1205 1268 1267 aquam
1320 1184 1577 1269 nigram
1637 1206 1805 1268 esse,
1868 1185 2039 1250 unde
2104 1185 2221 1249 illa

193 1275 498 1337 concreta
543 1273 739 1355 esset,
803 1271 1020 1336 albam
1078 1272 1289 1372 ipsam
1348 1293 1489 1337 esse
1542 1294 1624 1337 ne
1670 1273 1874 1337 videri
1934 1273 2219 1357 quidem3

193 1364 281 1443 et,
311 1380 748 1443 quaecumque
775 1380 878 1424 res
907 1382 1054 1423 eum
1093 1360 1188 1424 sic
1217 1360 1515 1445 attinget,
1541 1362 1616 1425 ut
1650 1361 1737 1424 sit
1762 1361 1974 1425 visum
2010 1362 2174 1425 illud
2220 1377 2319 1426 101

191 1447 540 1531 probabile
583 1468 793 1531 neque
837 1448 976 1511 ulla
1019 1469 1091 1512 re
1135 1447 1535 1531 impeditum,
1592 1449 1974 1514 movebitur.
2062 1448 2216 1514 Non

113 1560 167 1602 ιε
195 1536 378 1599 enim
424 1539 524 1600 est
571 1557 604 1600 e
652 1556 808 1599 saxo
842 1536 1144 1637 ‘sculptus
1193 1538 1309 1599 aut
1352 1556 1386 1599 e
1429 1537 1663 1600 robore
1708 1535 1981 1619 dolatus,
2016 1536 2217 1600 habet

197 1644 461 1708 corpus,
507 1623 710 1687 habet
751 1623 1064 1706 animum,
1109 1625 1408 1688 movetur
1451 1627 1692 1707 mente,
1738 1627 2035 1689 movetur
2080 1645 2216 1688 sen-

195 1712 380 1775 sibus
389 1761 409 1795 ,
490 1714 565 1775 ut
637 1711 696 1774 ei
768 1732 921 1775 vera
992 1711 1200 1775 multa
1271 1711 1637 1795 videantur,
1712 1732 1919 1795 neque
1997 1715 2239 1776 tamen

193 1800 440 1863 habere
484 1799 812 1882 insignem
847 1799 1032 1864 illam
1077 1801 1144 1863 et
1178 1798 1513 1882 propriam
1547 1799 1941 1900 percipiendi
1965 1803 2220 1882 notam3

194 1908 404 1972 eoque
451 1886 810 1970 sapientem
864 1908 996 1952 non
1053 1886 1390 1970 adsentiri,
1456 1888 1607 1970 quia
1669 1888 1879 1970 possit
1934 1887 2219 1952 eiusdem

113 2002 170 2042 so
194 1975 379 2040 modi
423 1974 734 2039 exsistere
778 1972 1017 2039 falsum
1047 1975 1329 2060 aliquod,
1375 1975 1553 2039 cuius
1598 1974 1774 2040 modi
1818 1974 1943 2039 hoc
1978 1997 2219 2040 verum.

194 2062 430 2146 Neque
476 2083 598 2127 nos
645 2066 874 2127 contra
917 2084 1141 2127 sensus
1189 2062 1382 2127 aliter
1427 2061 1699 2127 dicimus
1739 2084 1813 2127 ac
1851 2061 2075 2147 Stoici,
2111 2064 2221 2146 qui

193 2151 412 2217 multa
455 2150 626 2214 falsa
671 2170 810 2215 esse
857 2149 1081 2216 dicunt
1125 2150 1443 2235 longeque
1492 2151 1680 2215 aliter
1726 2172 1795 2215 se
1839 2152 2220 2234 habere,ac

195 2239 506 2304 sensibus
551 2236 911 2302 videantur.

93 2403 105 2409 p
261 2326 269 2331 ⁴
327 2324 478 2390 Hoc
541 2329 758 2390 autem
818 2326 874 2389 si
936 2326 1034 2389 ita
1097 2325 1210 2409 sit,
1272 2328 1349 2389 ut
1409 2348 1610 2392 unum
1664 2327 1855 2391 modo
1921 2326 2216 2391 sensibus
2238 2323 2324 2388 32

114 2439 167 2480 ιε
190 2414 442 2479 falsum
497 2414 814 2497 videatur,
874 2417 1132 2495 praesto
1207 2417 1330 2497 est,
1387 2415 1497 2498 qui
1558 2417 1755 2498 neget
1814 2436 1953 2479 rem
2017 2415 2219 2478 ullam

192 2502 446 2586 percipi
502 2522 696 2585 posse
759 2502 1073 2567 sensibus.
1162 2500 1266 2565 Ita
1311 2502 1501 2566 nobis
1558 2502 1919 2567 tacentibus
1968 2523 2046 2566 ex
2088 2523 2217 2566 uno

189 2589 468 2674 Epicuri
512 2589 755 2673 capite,
802 2589 1007 2653 altero
1051 2593 1267 2654 vestro
1314 2590 1642 2673 perceptio
1690 2593 1757 2653 et
1801 2588 2219 2672 comprehen-

194 2679 292 2743 sio
360 2677 639 2742 tollitur.
729 2676 916 2752 Quod
980 2680 1082 2741 est
1144 2679 1341 2761 caput
1396 2676 1710 2760 Epicuri?
1803 2674 1911 2741 ‘Si
1974 2677 2219 2740 ullum

196 2786 478 2830 sensus
515 2765 760 2830 visum
805 2763 1090 2829 falsum
1130 2768 1273 2848 est,
1316 2764 1519 2829 nihil
1560 2763 1859 2847 percipi
1902 2762 2218 2848 potest?

121 2853 388 2930 soQuod
434 2852 766 2917 vestrum?
857 2849 1089 2917 ‘Sunt
1147 2851 1353 2917 falsa
1410 2873 1686 2919 sensus
1741 2850 1962 2917 visa?
2054 2851 2220 2928 Quid

197 2940 540 3025 sequitur?
589 3006 596 3011 ,
627 2938 723 3005 Ut
765 2944 1036 3023 taceam,
1080 2940 1403 3005 conclusio
1449 2940 1594 3024 ipsa
1636 2940 1942 3025 loquitur,
1988 2939 2220 3004 ‘nihil

196 3050 430 3112 posse
476 3026 836 3111 percipi?
907 3027 1060 3093 Non
1087 3028 1385 3111 concedo,
1411 3027 1641 3112 inquit,
1668 3026 1970 3111 Epicuro·
2025 3025 2222 3092 Certa

195 3117 404 3201 igitur
430 3136 578 3180 cum
614 3115 750 3199 illo,
786 3116 897 3199 qui
925 3137 964 3179 a
990 3119 1056 3179 te
1092 3118 1267 3180 totus
1306 3115 1594 3181 diversus
1623 3120 1747 3202 est3
1784 3116 1921 3181 noli
1949 3137 2220 3198 mecum,

199 3204 309 3288 qui
368 3204 499 3268 hoc
543 3202 802 3287 quidem
849 3206 1048 3287 certe,
1106 3202 1259 3268 falsi
1304 3224 1441 3267 esse
1487 3204 1732 3287 aliquid
1787 3204 1857 3267 in
1903 3204 2220 3285 sensibus,

124 3316 173 3357 σε
198 3292 326 3356 tibi
394 3290 742 3357 adsentior.
832 3290 1236 3377 Quamquam
1299 3291 1463 3356 nihil
1527 3292 1687 3356 mihi
1749 3295 1885 3355 tam
1940 3291 2177 3355 mirum
2225 3316 2327 3366 102

199 3379 459 3444 videtur
504 3401 698 3463 quam
742 3379 871 3443 ista
917 3379 1058 3464 dici,
1118 3380 1200 3445 ab
1244 3377 1573 3444 Antiocho
1621 3379 1878 3464 quidem
1925 3378 2221 3453 maxime,

202 3466 306 3531 cui
352 3471 545 3531 erant
589 3488 692 3552 ea,
736 3488 900 3552 quae
943 3466 1140 3553 paulo
1187 3470 1337 3531 ante
1384 3467 1542 3552 dixi,
1586 3465 1949 3533 notissima.
2038 3463 2222 3529 Licet

309 3587 598 3630 οιαινι
1760 3571 1795 3619 5
