2609 3884
781 168 1144 226 ARGUMEN
1146 171 1304 227 TUM
1338 170 1475 226 LIB.
1512 170 1606 229 IV.
2069 172 2199 238 201

183 327 357 382 beate
408 327 713 383 vivendum
755 328 1062 409 pertineat,
1119 332 1185 384 ut
1240 328 1524 385 introduci
1578 330 1802 385 omnino
1856 348 1969 387 non
2020 332 2207 401 possit

185 397 395 465 virtus,
455 397 567 453 nisi
630 414 842 465 omnia,
907 414 1050 467 quae
1111 399 1271 469 legat
1324 416 1578 468 quaeque
1631 400 1853 469 reiciat,
1908 400 1984 455 ad
2034 403 2205 457 finem

185 468 413 523 referat.
488 467 937 524 conservandam
972 484 1092 523 esse
1137 469 1379 538 primam
1422 473 1658 525 naturae
1702 470 2112 526 institutionem
2148 474 2208 526 et

184 540 374 594 totam
425 538 670 593 hominis
721 541 980 594 naturam
1034 540 1303 594 tuendam
1356 540 1502 609 (cap.
1561 543 1665 608 15).
1762 542 1960 610 Itaque
2015 557 2207 596 omnes

189 623 404 677 errare,
458 609 555 677 qui
597 610 658 665 in
699 625 815 665 una
857 608 1067 664 virtute
1110 609 1281 664 finem
1326 611 1566 680 ponant,
1614 626 1866 680 quaeque
1913 610 2089 667 Stoici
2134 611 2205 665 de

186 678 398 735 virtute
444 679 660 747 dicant,
716 694 786 733 ea
828 678 900 734 iis
945 680 1264 735 communia
1310 696 1430 735 esse
1476 697 1601 734 cum
1644 680 1931 750 Pyrrhone
1978 683 2038 736 et
2082 680 2205 735 Ari·

189 751 380 817 stone,
418 765 558 817 quos
591 765 706 804 non
740 749 982 819 probent
1014 750 1159 819 (cap.
1199 752 1304 819 16).
1380 750 1529 805 Male
1570 753 1763 806 autem
1798 752 2042 819 Stoicos,
2080 768 2207 806 cum

189 819 266 875 ad
310 836 586 873 summum
641 820 850 874 bonum
897 819 983 874 ita
1025 820 1409 889 pervenerint,
1462 822 1527 875 ut
1570 836 1608 875 a
1647 823 1852 876 natura
1896 821 2205 889 discedant,

185 889 397 971 reverti
441 890 515 945 ad
558 891 842 958 naturam,
885 892 953 944 ut
994 889 1127 972 inde
1172 889 1382 959 agendi
1414 890 1693 971 principia
1729 894 2024 960 quaerant3
2074 907 2207 945 nam

191 976 382 1085 gffimffi
391 961 1026 1112 2423223101‘53233522.
1049 960 1493 1112 effugeras
1520 977 1841 1086 affl?
1869 961 2209 1102 ss'ssssgt’enffi‘i

190 1099 292 1154 sed
337 1099 409 1154 ab
451 1118 523 1154 us
570 1102 630 1155 et
675 1100 955 1155 actionem
991 1100 1050 1155 et
1093 1102 1502 1170 appet1t10nem
1537 1102 1877 1157 commoveri
1915 1103 2058 1171 (cap.
2100 1104 2207 1171 17).

187 1168 410 1225 Deinde
429 1168 622 1225 Cicero
650 1170 899 1225 ostendit
921 1170 984 1225 in
1010 1170 1375 1225 consectariis
1400 1170 1732 1241 Stoicorum,
1762 1171 1961 1241 quibus
1989 1172 2211 1227 efficere

185 1240 374 1295 velint
399 1256 562 1295 omne
586 1240 798 1295 bonum
811 1284 826 1310 ,
864 1240 998 1310 quia
1022 1240 1310 1296 laudabile
1337 1240 1436 1309 sit,
1472 1257 1594 1297 esse
1621 1242 1945 1310 honestum,
1982 1240 2208 1297 ceteris-

190 1326 301 1379 que
348 1326 416 1365 ea
461 1311 536 1365 ad
580 1311 1028 1367 concludendum
1072 1311 1241 1378 sumi,
1290 1326 1435 1379 quae
1477 1327 1593 1367 non
1640 1312 2017 1371 concedantur
2061 1314 2207 1382 (cap.

191 1383 301 1450 18).
353 1379 548 1435 Acutis
576 1380 893 1437 Stoicorum
925 1380 1391 1436 conclusiunculis
1417 1381 1593 1437 verba
1621 1382 1849 1452 corrigi,
1884 1398 1999 1438 non
2024 1397 2212 1437 mores

189 1451 493 1507 emendari.
566 1450 730 1517 Quod
766 1450 943 1507 Stoici
979 1450 1295 1506 constantia
1329 1451 1504 1506 totius
1533 1451 1823 1507 doctrinae
1849 1454 2010 1507 tanto
2039 1467 2209 1521 opere

228 1520 528 1589 lorientur,
580 1521 842 1592 intellegi
893 1521 1096 1577 debere
1109 1563 1124 1589 ,
1180 1538 1309 1575 cum
1362 1521 1510 1576 falsa
1558 1524 1995 1590 consequantur,
2043 1521 2211 1575 initia

185 1540 320 1658 fila,
369 1606 401 1646 e
447 1591 645 1659 quibus
690 1592 833 1647 haec
882 1594 1318 1660 consequantur,
1363 1591 1490 1660 ipsa
1524 1590 1671 1647 falsa
1706 1606 1843 1646 esse.
1917 1591 2210 1646 Paradoxa

185 1661 354 1716 initio
391 1662 689 1731 magnifica
723 1662 848 1717 visa
881 1677 1030 1727 esse,
1064 1677 1198 1716 mox
1233 1660 1590 1731 splendorem
1626 1661 1879 1717 amisisse
1915 1664 2060 1743 (cap.
2099 1664 2209 1731 19).

185 1732 381 1801 Ipsum
425 1732 704 1787 Zenonem
749 1747 818 1787 ea
867 1732 948 1786 sic
989 1732 1413 1801 interpretando
1457 1730 1705 1799 mollire,
1751 1735 1816 1786 ut
1861 1731 1989 1786 aliis
2022 1730 2213 1787 verbis

186 1802 343 1856 idem
388 1801 565 1869 dicat,
621 1801 773 1870 quod
816 1804 1058 1868 veteres3
1113 1802 1213 1856 sed
1257 1801 1308 1875 si
1356 1801 1632 1857 sententia
1684 1801 1882 1857 eadem
1934 1801 2034 1870 sit,
2086 1817 2211 1856 non

190 1871 441 1926 dubitari
482 1888 674 1941 posse,
721 1871 856 1940 quin
898 1870 988 1926 illi
1031 1872 1216 1928 verbis
1261 1872 1608 1928 commodius
1652 1873 1884 1927 utantur
1917 1872 2060 1941 (cap.
2097 1875 2208 1942 20),

185 1942 384 2010 itaque
429 1942 500 1997 de
545 1942 836 1997 sententiis
879 1941 1186 1997 videndum
1229 1958 1370 1997 esse.
1450 1941 1539 1995 Ab
1588 1942 1705 1996 illis
1758 1941 1933 2012 igitur
1984 1943 2211 1997 beatam

187 2012 368 2067 vitam
395 2011 662 2067 constitui
689 2028 757 2067 ex
786 2012 1042 2067 omnibus
1069 2011 1408 2081 commodis,
1445 2012 1545 2067 sed
1569 2012 1679 2080 ita,
1714 2015 1781 2068 ut
1809 2012 1978 2094 longe
2008 2011 2211 2067 ceteris

185 2082 367 2137 virtus
413 2082 744 2150 antecellat,
788 2098 894 2138 nec
937 2082 1066 2152 plus
1111 2082 1362 2152 corporis
1408 2085 1470 2137 et
1515 2082 1756 2137 externis
1800 2083 1963 2137 boms
2008 2082 2079 2137 ab
2135 2082 2210 2137 iis

184 2152 471 2207 tribuatur
503 2169 674 2221 quam
708 2169 746 2208 a
779 2153 1026 2221 Zenone,
1063 2152 1162 2220 qui
1197 2168 1265 2207 ea
1298 2153 1449 2207 bona
1483 2169 1597 2208 non
1634 2153 1885 2222 appellet
1920 2156 2061 2223 (cap.
2099 2156 2210 2223 21).

184 2224 388 2292 Itaque
443 2223 513 2277 de
556 2240 618 2278 re
661 2223 878 2279 nullam
920 2238 1042 2278 esse
1093 2222 1521 2291 dissensionem,
1579 2223 1857 2278 Zenonem
1909 2224 2211 2277 verborum

185 2292 611 2364 magnificentia
665 2308 785 2348 esse
840 2293 1208 2361 delectatum,
1261 2309 1299 2348 a
1344 2309 1455 2361 quo
1499 2294 1721 2348 veteres
1764 2292 1894 2348 illos
1941 2291 2211 2347 Catonem

185 2364 1178 2489 ἰῗιῖὲθῗὲἰῖὶἰέᾈὲῗὲέᾷἵξὲέ)
1189 2386 1204 2431 ³
1223 2362 2211 2488 ffeefffieffiffcfflmsmffiss'

188 2520 306 2573 quo
353 2502 494 2559 Cato
542 2504 814 2559 docuerat
857 2520 1048 2559 omnes
1093 2502 1422 2572 insipientes
1459 2518 1637 2571 aeque
1674 2518 1796 2557 esse
1833 2502 2094 2569 miseros;
2130 2472 2210 2555 le³

184 2574 482 2629 vationem
515 2575 667 2629 enim
700 2573 970 2629 vitiorum
1003 2573 1125 2628 fieri
1153 2573 1405 2627 ostendit
1452 2588 1571 2642 cap.
1603 2578 1670 2627 23
1700 2575 1759 2627 et
1786 2573 1893 2641 24).
1947 2571 2025 2625 Et
2060 2571 2212 2640 quod

185 2644 374 2700 virtus
401 2660 648 2699 crescere
673 2660 788 2699 non
822 2659 990 2714 posse
1027 2643 1272 2710 dicatur,
1312 2645 1372 2697 et
1402 2642 1425 2696 i
1466 2658 1533 2697 eo
1563 2642 1753 2697 omnia
1778 2642 1921 2697 vitia
1948 2641 2212 2710 aequalia

185 2730 316 2770 esse
329 2755 343 2782 ,
379 2714 568 2784 potius
595 2730 665 2769 ex
690 2713 1098 2783 inaequalitate
1124 2714 1393 2767 vitiorum
1420 2712 1681 2767 concludi
1713 2712 1917 2767 debere
1942 2710 2213 2767 virtutem

188 2798 444 2840 crescere
513 2800 634 2865 cap.
672 2787 780 2854 24).
862 2784 929 2838 In
970 2784 1074 2837 has
1121 2782 1313 2838 omnes
1359 2782 1649 2853 angustias
1695 2782 1915 2838 Stoicos
1965 2781 2211 2837 incidere

185 2855 428 2925 propter
463 2871 502 2923 g
526 2870 768 2909 onosam
783 2853 1247 2909 ostentationem.
1303 2852 1450 2907 Nam
1484 2852 1616 2907 tolli
1640 2851 1752 2907 ista
1776 2853 1996 2908 ratione
2026 2852 2215 2907 officia

187 2926 251 2979 et
293 2923 449 2979 vitae
493 2924 799 2991 actionem,
845 2926 911 2978 ut
955 2924 1030 2978 ab
1073 2922 1361 2990 Aristone3
1412 2922 1512 2976 sed
1546 2922 1864 2978 Aristonem
1902 2922 2213 2992 simplicius

186 3010 390 3064 agere,
428 2993 648 3049 Stoicos
682 2995 910 3049 versute
943 2993 1207 3049 inducere
1253 2992 1383 3047 aliis
1426 2992 1743 3047 nominibus
1781 2993 2019 3047 eandem
2054 2992 2212 3048 diffe-

109 3102 116 3107 -
185 3064 460 3132 rentiam,
497 3081 668 3132 quam
702 3066 923 3120 veteres
957 3062 1242 3117 tenuerint
1277 3065 1423 3133 (cap.
1462 3066 1570 3131 25).
1632 3062 1981 3133 Proegmena
2014 3062 2118 3117 illa
2154 3064 2214 3115 et

185 3152 234 3259 ἲ.)
268 3137 649 3259 οἷξοβςᾝθῃα
683 3136 883 3259 eciem
917 3133 1045 3188 loco
1076 3131 1984 3269 gabe3,e}tzon2b(arist2ogelelet
2009 3131 2214 3257 οῗξχκέε

543 3222 727 3260 umms
837 3220 912 3258 na
936 3220 1004 3258 co
1110 3221 1188 3257 ris
1692 3242 1705 3255 .
1830 3244 1843 3257 .
1946 3219 2046 3256 ara

187 3274 239 3329 si
259 3222 448 3344 a'quinem
457 3274 688 3357 propius
735 3221 1072 3344 asgexeritr,p
1095 3272 1240 3327 nihil
1282 3272 1495 3327 habere
1541 3204 1893 3326 adnfirabile.
1976 3242 2214 3337 Similia:

187 3344 396 3414 quibus
433 3361 624 3399 omma
655 3345 893 3415 peccata
924 3343 1088 3425 paria
1124 3359 1246 3398 esse
1284 3343 1721 3410 demonstretur,
1759 3341 2054 3396 dissimilia
2088 3356 2213 3395 esse

188 3417 339 3485 (cap.
379 3418 488 3484 27).
546 3414 782 3471 Omnino
821 3414 1042 3469 Stoicos
1077 3413 1319 3469 maxime
1358 3428 1425 3467 eo
1461 3411 1601 3467 vitio
1637 3411 1845 3481 premi,
1882 3410 2027 3479 quod
2070 3410 2213 3463 duas

187 3484 507 3541 contrarias
543 3485 850 3541 sententias
887 3483 1141 3540 obtinere
1175 3484 1358 3539 velint
1392 3484 1535 3552 (cap.
1575 3486 1683 3550 28).
