2609 3884
299 128 430 191 232
621 129 719 184 DE
755 129 1046 185 FINIBUS
1082 129 1444 186 BONORUM
1478 129 1575 184 ET
1612 128 1976 185 MALORUM

301 290 524 354 eadem
597 290 980 375 defendunt,
1063 313 1224 375 quae
1295 290 1750 376 Peripatetici,
1821 292 2020 356 verba
2090 294 2331 356 tenent

299 378 640 443 mordicus.
749 378 929 455 Quae
1000 402 1222 444 rursus
1287 380 1439 443 dum
1505 380 1630 444 sibi
1695 379 1883 445 evelli
1948 401 2025 443 ex
2094 378 2330 443 ordine

299 467 556 551 nolunt,
609 466 1002 531 horridiores
1072 468 1381 551 evadunt,
1446 469 1833 552 asperiores,
1896 467 2189 532 duriores
2260 470 2330 531 et

196 562 264 612 '19
304 555 595 620 oratione
642 559 709 618 et
753 555 1061 619 moribus.
1160 554 1371 631 Quam
1425 556 1685 620 illorum
1738 555 2073 620 tristitiam
2126 558 2328 639 atque

302 644 719 726 asperitatem
781 642 1034 727 fugiens
1106 642 1455 707 Panaetius
1500 665 1620 708 nec
1694 644 2114 708 acerbitatem
2176 664 2327 706 sen·
2354 665 2383 706 5

299 732 653 795 tentiarum
708 752 828 795 nec
882 731 1242 796 disserendi
1295 732 1514 814 spinas
1568 732 1872 815 probavit
1930 731 2187 815 fuitque
2256 731 2329 795 in

302 818 507 883 altero
566 840 798 904 genere
851 819 1100 903 mitior,
1165 819 1236 883 in
1290 819 1498 885 altero
1567 820 1887 885 illustrior
1938 839 2328 903 semperque

300 906 533 972 habuit
590 907 657 971 in
735 928 845 971 ore
909 907 1277 990 Platonem,
1352 908 1801 986 Aristotelem,
1870 904 2327 991 Xenocratem,

301 994 849 1078 Theophrastum,
922 994 1420 1075 Dicaearchum,
1490 1000 1566 1060 ut
1634 996 1840 1080 ipsius
1915 995 2161 1077 scripta
2222 994 2327 1086 de-

302 1084 568 1147 clarant.
682 1081 858 1158 Quos
933 1083 1192 1167 quidem
1268 1082 1392 1148 tibi
1468 1083 1751 1148 studiose
1833 1086 1901 1146 et
1970 1082 2329 1165 diligenter
2354 1108 2407 1147 ιο

196 1177 267 1227 80
300 1170 675 1234 tractandos
738 1192 1129 1256 magnopere
1194 1192 1443 1235 cense0.
1544 1170 1668 1235 Sed
1722 1170 2025 1255 quoniam
2082 1174 2151 1235 et
2212 1170 2329 1235 ad-

302 1257 701 1340 vesperascit
753 1262 817 1322 et
872 1259 1033 1323 mihi
1079 1259 1160 1323 ad
1205 1258 1428 1323 villam
1473 1259 1920 1324 revertendum
1966 1260 2095 1342 est,
2149 1278 2329 1323 nunc

304 1346 561 1429 quidem
614 1345 955 1430 hactenus3
1020 1368 1245 1412 verum
1308 1346 1432 1411 hoc
1493 1347 1665 1412 idem
1726 1347 2041 1412 faciamus
2107 1367 2327 1429 saepe.
2358 1358 2373 1369 ·

297 1432 439 1498 Nos
503 1455 685 1517 vere,
756 1434 967 1519 inquit
1039 1434 1179 1518 ille3
1252 1457 1405 1499 nam
1480 1435 1635 1519 quid
1697 1456 2039 1519 possumus
2103 1433 2328 1498 facere

301 1521 579 1588 melius?
627 1526 692 1586 et
735 1522 904 1587 hanc
946 1521 1200 1606 quidem
1244 1524 1523 1605 primam
1560 1522 1814 1609 exigam
1852 1544 1891 1586 a
1924 1525 1992 1586 te
2032 1543 2323 1605 operam,
2354 1549 2406 1589 ιε

301 1614 377 1674 ut
423 1611 644 1675 audias
692 1632 822 1693 me,
869 1632 1032 1695 quae
1080 1633 1120 1674 a
1154 1613 1221 1674 te
1259 1610 1430 1675 dicta
1472 1615 1649 1695 sunt,
1695 1610 2121 1675 refellentem.
2197 1608 2329 1674 Sed

303 1702 628 1763 memento
675 1702 768 1781 te,
816 1720 977 1781 quae
1012 1720 1131 1763 nos
1171 1700 1553 1781 sentiamUS,
1599 1699 1816 1764 omnia
1849 1698 2149 1782 probare,
2192 1698 2330 1762 nisi

304 1786 476 1870 quod
539 1786 756 1850 verbis
823 1787 1012 1849 aliter
1083 1790 1367 1871 utamur,
1437 1787 1602 1851 mihi
1672 1790 1887 1850 autem
1960 1789 2329 1849 vestrorum

301 1874 466 1937 nihil
504 1873 786 1957 probari.
860 1872 1270 1957 Scrupulum,
1318 1875 1609 1959 inquam,
1654 1874 1944 1958 abeunti3
1992 1873 2109 1939 sed
2154 1873 2329 1939 vide·

213 1977 216 1981 ⁴
300 1962 536 2026 bimus.
626 1959 804 2036 Quae
852 1983 996 2026 cum
1044 1966 1260 2026 essent
1306 1962 1506 2046 dicta,
1553 1962 1981 2027 discessimus.
2354 1988 2403 2028 m

797 2315 893 2388 M.
952 2316 1274 2389 TULLII
1328 2314 1823 2389 CICERONIS

302 2462 446 2545 DE
518 2460 940 2547 FINIBUS
1014 2461 1528 2545 BONORUM
1599 2462 1731 2545 ET
1800 2460 2334 2547 MALORUM

1087 2608 1187 2663 AD
1224 2608 1535 2663 BRUTUM

966 2738 1210 2798 LIBER
1263 2737 1631 2808 QUINTUS.

981 3001 1647 3062 ARGUMENTUM.
1696 3069 1700 3073 ,

446 3118 512 3172 In
546 3116 830 3199 prooemio
866 3116 998 3171 libri
1036 3116 1225 3171 Cicero
1262 3119 1478 3184 narrat,
1527 3135 1653 3171 cum
1698 3116 1818 3187 ipse
1856 3118 1915 3171 et
1950 3115 2017 3182 Q.
2054 3116 2239 3172 frater
2275 3119 2333 3171 et

303 3188 378 3243 M.
417 3188 629 3257 Pupius
667 3187 798 3242 Piso
835 3189 894 3242 et
929 3188 993 3242 T.
1031 3186 1372 3257 Pomponius
1418 3187 1640 3241 Atticus
1689 3189 1749 3241 et
1781 3186 1841 3243 L.
1882 3185 2107 3254 Cicero,
2154 3187 2331 3241 frater

301 3258 480 3327 ipsius
525 3256 798 3328 patruelis
811 3300 824 3324 ‚
879 3256 1115 3311 Athenis
1169 3258 1510 3312 Antiochum
1560 3257 1906 3312 audivissent
1959 3259 2021 3311 et
2075 3258 2329 3312 ambula-

304 3332 517 3383 tionem
543 3327 1045 3397 postmeridianam
1070 3326 1131 3379 in
1157 3327 1463 3382 Academia
1490 3328 1843 3396 conficerent,
1870 3344 2133 3381 sermone
2162 3328 2329 3382 ducto

303 3399 549 3467 primum
604 3415 640 3452 a
694 3396 1181 3451 commemoranda
1232 3397 1291 3451 vi
1336 3398 1589 3452 locorum
1634 3399 1709 3451 ad
1754 3398 2034 3453 clarorum
2078 3398 2331 3453 virorum

305 3468 635 3522 memoriam
669 3466 731 3521 in
767 3467 965 3521 animis
1005 3467 1413 3537 renovandam,
1450 3468 1792 3522 mentionem
1823 3467 2091 3521 incidisse
2120 3468 2329 3522 veteris
