2609 3884
41 1682 48 1741 v--
41 1612 48 1653 ν-
41 1522 48 1565 .-
41 1434 49 1475 -ς
41 1344 50 1387 -.
43 1254 50 1297 v-u

39 2314 44 2449 ..-..-.
39 2144 46 2273 --.-.
39 2056 46 2095 .-
39 1946 46 2007 ..-.-
39 1878 46 1919 v—o
42 1788 46 1829 -.-

669 184 806 241 LLB.
841 184 936 241 111.
995 184 1148 239 CAP.
1185 190 1282 255 33,
1320 190 1405 240 34.
1460 190 1491 251 5
1531 190 1774 240 'ze—84.
2096 184 2228 251 389
2300 184 2314 193 '

207 349 472 415 brarum
518 346 774 413 obfudit
817 346 1142 431 exsilium,
1189 351 1304 412 aut
1346 368 1593 431 eorum,
1639 368 1803 432 quae
1838 347 2029 413 modo
2078 346 2229 433 dixi,

208 438 265 503 si
320 435 476 521 quid
531 435 775 519 extitit3
831 435 955 500 etsi
1010 435 1415 520 singularum
1459 456 1674 500 rerum
1721 439 1871 500 sunt
1927 436 2229 520 propriae

207 523 712 607 consolationes,
757 522 834 587 de
871 522 1104 607 quibus
1143 523 1363 589 audies
1399 527 1475 589 tu
1518 523 1805 609 quidem,
1850 544 1996 588 cum
2031 523 2229 589 voles.

209 610 336 678 Sed
371 611 454 677 ad
491 611 763 677 eundem
806 610 1058 676 fontem
1093 611 1541 677 revertendum
1588 615 1712 697 est,
1758 610 2230 697 aegritudinem

155 724 182 766 ο
210 722 469 767 omnem
531 699 760 783 procul
824 699 1048 764 abesse
1111 722 1149 765 a
1212 700 1537 785 sapiente,
1608 699 1780 785 quod
1849 700 2060 765 inanis
2124 700 2230 785 sit,

207 789 378 874 quod
431 788 675 853 frustra
729 786 1146 872 suscipiatur,
1199 787 1374 873 quod
1425 809 1557 854 non
1610 791 1845 853 natura
1888 788 2232 871 exoriatur,

209 877 321 943 sed
375 876 640 960 iudicio,
694 875 810 941 sed
854 875 1187 960 opinione,
1233 875 1347 940 sed
1393 875 1670 960 quadam
1714 876 2097 942 invitatione
2148 874 2231 941 ad

207 965 550 1031 dolendum
563 1015 582 1049 ,
646 985 792 1030 cum
855 963 924 1029 id
996 964 1467 1029 decreverimus
1539 964 1635 1029 ita
1703 963 1846 1029 fieri
1918 966 2231 1049 oportere.

204 1052 349 1119 Hoc
396 1054 717 1137 detract0,
761 1051 934 1135 quod
977 1054 1191 1117 totum
1237 1055 1338 1117 est
1380 1050 1844 1135 voluntarium,
1890 1050 2228 1136 aegritudo
2265 1060 2335 1111 88

43 1168 50 1207 ,ι
125 1167 178 1207 ιο
206 1141 331 1206 erit
401 1142 664 1207 sublata
732 1140 849 1204 illa
919 1161 1215 1205 maerens
1233 1189 1252 1222 ,
1324 1160 1579 1205 morsus
1648 1143 1873 1204 tamen
1943 1142 2009 1204 et
2079 1160 2231 1204 con-

205 1229 641 1295 tractiuncula
688 1227 1004 1312 quaedam
1047 1227 1243 1292 animi
1287 1227 1710 1311 relinquetur.
1780 1225 1967 1293 Hanc
2012 1226 2232 1293 dicant

209 1338 368 1382 sane
411 1316 804 1399 naturalem,
847 1315 1000 1380 dum
1045 1313 1469 1399 aegritudinis
1509 1336 1749 1381 nomen
1796 1315 1969 1381 absit
2014 1335 2232 1401 grave,

205 1408 521 1488 taetrum,
564 1403 924 1488 funestum,
966 1402 1138 1487 quod
1173 1424 1321 1467 cum
1359 1402 1680 1487 sapientia
1721 1424 1862 1467 esse
1899 1406 2111 1488 atque,
2155 1407 2231 1468 ut

205 1494 306 1559 ita
342 1493 573 1575 dicam,
608 1490 906 1556 habitare
940 1491 1121 1556 nullo
1154 1490 1348 1556 modo
1383 1491 1611 1575 possit.
1663 1490 1755 1555 At
1790 1513 1956 1575 quae
1994 1492 2230 1575 stirpes

128 1606 180 1647 ιτ,
210 1584 364 1646 sunt
410 1579 861 1665 aegritudinis,
918 1600 1112 1663 quam
1166 1578 1439 1662 multae,
1492 1601 1686 1664 quam
1732 1580 2014 1644 amarae!
2066 1600 2231 1664 quae

209 1672 355 1754 ipso
391 1672 621 1734 trunco
657 1688 880 1733 everso
917 1688 1142 1731 omnes
1180 1667 1513 1753 eligendae
1551 1670 1704 1732 sunt
1740 1671 1831 1751 et,
1876 1667 1934 1731 si
1968 1688 2231 1732 necesse

208 1758 358 1842 erit,
422 1756 696 1842 singulis
761 1755 1334 1839 disputationibus.
1435 1752 1745 1839 Superest
1805 1754 1980 1818 enim
2040 1754 2231 1820 nobis

206 1844 359 1929 hoc,
413 1843 796 1910 cuicuimodi
851 1845 975 1928 est,
1031 1844 1256 1909 otium.
1357 1840 1483 1907 Sed
1534 1843 1701 1908 ratio
1758 1863 1887 1906 una
1943 1842 2231 1907 omnium

207 1938 313 1998 est
374 1931 874 2017 aegritudinum,
935 1931 1128 2015 plura
1188 1931 1473 1996 nomina.
1582 1928 1755 1995 Nam
1818 1933 1886 1994 et
1944 1929 2231 1995 invidere

127 2046 182 2087 πο
208 2019 636 2106 aegritudinis
681 2023 784 2084 est
828 2022 895 2083 et
939 2020 1250 2084 aemulari
1294 2022 1363 2083 et
1408 2017 1775 2083 obtrectare
1819 2021 1886 2082 et
1940 2018 2231 2083 misereri

209 2111 278 2172 et
336 2108 517 2191 angi,
569 2107 820 2192 lugere,
872 2127 1185 2191 maerere,
1240 2127 1552 2171 aerumna
1602 2104 1815 2190 adfici,
1873 2106 2232 2190 lamentari,

211 2194 570 2279 sollicitari,
606 2193 840 2278 dolere,
874 2194 943 2258 in
970 2195 1274 2260 molestia
1308 2214 1467 2278 esse,
1502 2193 1839 2278 adflictari,
1874 2193 2231 2279 desperare.

207 2282 391 2348 Haec
434 2282 652 2348 omnia
703 2281 1015 2347 definiunt
1059 2280 1289 2366 Stoici,
1346 2303 1545 2366 eaque
1590 2281 1816 2366 verba,
1867 2302 2033 2367 quae
2079 2282 2231 2367 dixi,

122 2430 138 2453 ‚
209 2371 616 2456 singularum
658 2390 874 2435 rerum
919 2373 1098 2451 sunt,
1139 2392 1297 2454 non,
1342 2374 1419 2434 ut
1457 2370 1781 2455 videntur,
1829 2370 2089 2435 easdem
2125 2392 2229 2435 res

127 2486 181 2527 25
211 2458 609 2545 significant,
662 2458 776 2523 sed
831 2456 1077 2542 aliquid
1130 2457 1460 2541 differunt,
1514 2457 1683 2543 quod
1737 2458 1866 2521 alio
1911 2458 2056 2523 loco
2098 2450 2230 2522 for-

209 2552 386 2614 tasse
438 2546 880 2612 tractabimus.
977 2543 1157 2610 Haec
1221 2548 1373 2611 sunt
1424 2545 1579 2611 illae
1643 2542 1845 2611 fibrae
1909 2545 2231 2631 stirpium,

209 2658 372 2721 quas
415 2634 609 2701 initio
655 2634 817 2718 dixi,
859 2633 1337 2720 persequendae
1374 2637 1443 2699 et
1478 2655 1701 2699 omnes
1739 2632 2104 2718 eligendae,
2146 2654 2229 2697 ne

209 2746 519 2809 umquam
544 2724 680 2788 ulla
717 2722 930 2807 possit
955 2722 1245 2787 existere.
1306 2720 1620 2807 Magnum
1658 2743 1820 2805 opus
1848 2725 1915 2785 et
1951 2720 2232 2806 difficile,

209 2813 354 2897 quis
391 2811 634 2896 negat?
669 2811 822 2895 quid
860 2814 1078 2875 autem
1112 2810 1517 2895 praeclarum
1542 2832 1677 2876 non
1711 2810 1883 2875 idem
1912 2809 2230 2874 arduum?

40 2880 42 2947 [
126 2927 184 2968 so
211 2900 324 2965 sed
368 2903 589 2965 tamen
624 2899 691 2964 id
729 2920 797 2964 se
835 2899 1206 2983 effecturam
1253 2896 1668 2983 philosophia
1701 2898 2062 2983 profitetur,
2106 2919 2228 2963 nos

209 2988 404 3054 modo
459 2988 860 3054 curationem
906 2987 1041 3052 eius
1096 2986 1501 3070 recipiamus.
1590 2984 1834 3051 Verum
1882 2985 2045 3051 haec
2090 2985 2230 3070 qui·

209 3076 358 3141 dem
401 3075 738 3159 hactenus,
782 3078 1021 3157 cetera,
1069 3075 1643 3159 quotienscumque
1687 3072 1949 3158 voletis,
1994 3076 2062 3139 et
2104 3073 2231 3139 hoc

207 3164 354 3229 loeo
401 3167 468 3229 et
513 3164 659 3229 aliis
704 3167 938 3247 parata
978 3162 1166 3227 vobis
1212 3166 1420 3228 erunt.

2266 2300 2337 2351 84
