2609 3884
786 124 1941 225 LIBVCAP91052630.⁷
2140 157 2275 223 247

257 338 380 401 que
427 315 724 382 sensibus
772 314 892 401 818,
936 319 1039 402 ut,
1084 320 1310 382 contra
1356 318 1413 382 si
1456 317 1599 402 quis
1646 318 1856 384 dicere
1900 320 2087 405 velit,
2140 342 2275 387 non

259 404 610 491 audiatur),
663 409 911 489 tamen,
963 426 1045 469 ne
1103 405 1256 489 quid
1309 407 1925 489 praetermittamus,
1988 409 2271 474 rationes

255 515 536 578 quoque,
591 515 705 558 cur
757 493 886 558 hoc
937 491 1034 557 ita
1087 493 1200 576 sit,
1261 494 1619 559 afferendas
1680 498 1859 579 puto.
1955 495 2105 562 Etsi
2165 498 2274 582 qui
2309 508 2381 558 28

254 584 478 666 potest
519 582 809 665 intellegi
847 584 960 645 aut
995 582 1274 667 cogitari
1312 604 1451 647 esse
1490 582 1753 667 aliquod
1800 584 2059 669 animal,
2103 586 2275 669 quod

201 695 230 737 5
259 691 328 735 88
375 669 624 735 oderit?
667 690 772 733 res
819 669 989 734 enim
1036 674 1419 735 concurrent
1454 671 1837 737 contrariae.
1907 671 2082 738 Nam
2126 694 2273 738 cum

258 758 584 843 appetitus
648 757 759 823 ille
825 757 1025 822 animi
1089 757 1335 842 aliquid
1402 759 1483 822 ad
1548 780 1618 825 88
1674 760 1932 824 trahere
1992 762 2276 845 coeperit

258 846 582 929 consulto,
628 845 800 930 quod
845 845 971 910 sibi
1014 846 1214 925 obsit,
1260 846 1415 930 quia
1460 846 1547 912 sit
1590 847 1719 912 sibi
1761 848 2083 931 inimicus,
2128 870 2274 915 cum

253 933 326 999 id
389 956 508 1000 888
566 955 764 999 causa
819 930 1041 1018 faciet,
1105 938 1172 999 et
1241 934 1450 1000 oderit
1510 956 1579 1000 se
1642 938 1709 999 et
1771 936 1965 1001 simul
2028 936 2275 1023 diliget,

255 1022 446 1125 quod·
479 1022 621 1087 fieri
674 1043 810 1087 non
861 1025 1096 1107 potest.
1194 1021 1602 1107 Necesseque
1656 1027 1785 1108 est,
1844 1025 1901 1089 si
1946 1024 2089 1109 quis
2133 1026 2274 1108 ipse

251 1200 430 1267 bona
473 1201 725 1282 contra,
779 1220 944 1283 quae
987 1198 1191 1284 mala,
1244 1202 1336 1283 et,
1391 1221 1556 1284 quae
1602 1200 1991 1301 appetenda,
2045 1201 2274 1286 fugere

254 1290 350 1373 et,
409 1308 574 1373 quae
631 1286 967 1371 fugienda,
1026 1290 1356 1372 appetere,
1414 1308 1579 1372 (1888
1643 1289 1782 1353 81118
1841 1287 2037 1354 dubio
2100 1290 2271 1354 vitae

254 1379 359 1441 est
411 1375 678 1441 eversio.
776 1374 1003 1460 Neque
1059 1376 1259 1459 enim,
1318 1376 1377 1441 si
1429 1398 1563 1441 non
1612 1375 1782 1441 nulli
1844 1378 2274 1463 reperiuntur,

255 1464 368 1549 qui
414 1468 526 1529 aut
570 1464 838 1549 laqueos
883 1466 998 1529 aut
1041 1464 1174 1529 alia
1217 1463 1414 1528 exitia
1458 1468 1795 1550 quaerant,
1854 1468 1992 1549 aut,
2042 1468 2117 1529 ut
2160 1466 2272 1531 ille

171 1578 228 1619 15
257 1552 429 1656 apud
463 1551 863 1635 Terentium,
910 1551 1022 1635 qui
1067 1550 1445 1616 decrevit
1478 1552 1872 1636 tantisper
1908 1574 1984 1618 88
2021 1554 2271 1618 minus

123 1704 132 1712 .
253 1640 590 1708 iniuriae
663 1662 800 1707 880
875 1641 1058 1705 nato
1129 1638 1443 1723 facere',
1515 1643 1590 1704 ut
1662 1641 1757 1705 ait
1828 1640 1997 1724 ipse,
2070 1640 2273 1706 dum

252 1728 402 1795 fiat
465 1726 756 1813 miser',
817 1727 1117 1793 inimicus
1179 1728 1321 1813 ipse
1376 1691 1504 1793 si'bi
1556 1728 1881 1813 putandus
1942 1732 2057 1793 est.
2149 1727 2272 1793 Sed

255 1818 370 1883 8111
415 1818 638 1883 dolore
684 1821 1051 1901 moventur,
1098 1816 1212 1882 alii
1257 1816 1638 1901 cupiditate,
1695 1816 2030 1881 iracundia
2075 1817 2275 1881 etiam

254 1905 446 1971 multi
483 1906 834 1971 efferuntur
871 1909 964 1988 et,
1009 1926 1156 1970 cum
1191 1905 1260 1969 in
1295 1904 1471 1969 mala
1504 1904 1781 1969 scientes
1817 1904 2089 1988 irruunt,
2134 1908 2275 1969 tum

170 2020 230 2061 20
257 2016 324 2061 se
379 1994 620 2145 ⁰35?ss
678 1992 805 2145 stibi
859 1992 1193 2059 consulere
1247 1992 1665 2061 arbitrantur·
1758 1992 1988 2077 Itaque
2032 1992 2277 2057 'dicunt

255 2103 376 2147 nec
461 2104 506 2146 u
551 2103 577 2145 1
609 2103 693 2145 an
732 2104 748 2145 ε

391 2212 582 2277 Mihi
629 2210 736 2277 s1'c
781 2215 901 2277 est
943 2235 1156 2297 usus,
1209 2212 1359 2278 ti'bi
1403 2217 1487 2278 ut
1533 2216 1765 2297 opust
1806 2212 2044 2299 fact6,
2088 2211 2276 2280 face.

258 2345 384 2423 Qui
426 2345 557 2429 ipsi
603 2345 732 2411 sibi
776 2344 1021 2410 bellum
1065 2345 1479 2430 indixissent,
1524 2345 1798 2411 cruciari
1844 2345 2007 2432 dies,
2050 2350 2274 2412 noctes

255 2434 546 2519 torqueri
617 2434 884 2517 vellent,
959 2454 1078 2499 nec
1139 2456 1290 2499 vero
1357 2454 1497 2499 8888
1558 2433 1687 2518 ipsi
1747 2438 2129 2499 accusarent
2191 2435 2275 2499 ob

171 2548 230 2590 85
259 2544 403 2589 88111
467 2542 757 2606 causam,
821 2522 992 2608 quod
1056 2542 1125 2588 se
1189 2522 1361 2587 male
1428 2522 1560 2587 suis
1621 2521 1815 2586 rebus
1878 2521 2274 2587 consuluisse

255 2612 560 2677 dicerent.
664 2609 912 2677 Eorum
985 2611 1158 2675 enim
1231 2613 1334 2675 est
1400 2610 1563 2675 haec
1625 2610 1907 2693 querela,
1969 2610 2083 2693 qui
2146 2610 2276 2676 sibi

256 2700 391 2767 cari
452 2703 604 2764 sunt
668 2720 932 2801 seseque
994 2699 1294 2785 diligunt.
1394 2697 1637 2780 Quare,
1703 2697 2275 2799 quotienscumque

255 2788 510 2853 dicetur
551 2787 723 2852 male
769 2787 912 2871 quis
959 2786 1037 2853 de
1093 2809 1163 2852 se
1206 2787 1442 2851 mereri
1488 2785 1738 2870 sibique
1790 2784 2087 2851 inimicus
2135 2807 2279 2851 esse

255 2878 451 2960 atque
503 2875 741 2959 hostis,
793 2875 998 2941 vitam
1051 2875 1325 2960 denique
1377 2875 1627 2959 fugere,
1684 2873 2099 2959 intellegatur
2160 2874 2275 2939 ali-

168 2990 228 3031 88
254 2986 454 3049 quam
507 2964 768 3029 subesse
823 2964 962 3028 eius
1016 2964 1194 3028 modi
1250 2983 1539 3047 causam,
1590 2965 1666 3027 ut
1719 2983 1799 3027 ex
1852 2984 1927 3027 80
1986 2962 2131 3045 ipso
2177 2963 2274 3027 in-

252 3051 478 3138 tellegi
520 3052 732 3137 possit
776 3051 903 3116 sibi
947 3074 1265 3137 quemque
1312 3072 1451 3115 8888
1498 3072 1734 3115 carum.
1823 3048 1961 3116 Nec
2006 3072 2159 3116 vero
2205 3050 2273 3116 id

255 3140 417 3206 satis
464 3145 592 3224 est,
635 3140 960 3205 neminem
1006 3161 1176 3223 esse,
1221 3139 1333 3225 qui
1375 3140 1515 3223 ipse
1561 3160 1631 3204 88
1676 3137 1911 3223 oderit,
1958 3138 2070 3240 sed
2114 3138 2275 3203 illud

255 3250 509 3313 quoque
572 3227 1081 3329 intellegendum
1145 3230 1270 3311 est,
1330 3227 1655 3292 neminem
1719 3247 1883 3309 esse,
1949 3248 2060 3310 (181
2067 3276 2085 3310 ,
2149 3248 2274 3310 quo

253 3316 450 3395 modo
497 3338 566 3381 se
610 3316 878 3400 habeat,
921 3314 1088 3380 nihil
1127 3338 1246 3380 sua
1280 3319 1541 3381 censeat
1583 3316 1914 3381 interesse.
1985 3314 2278 3391 Tolletur

165 3430 227 3473 85
255 3406 430 3471 enim
476 3404 804 3488 appetitus
853 3403 1081 3485 animi,
1127 3403 1212 3486 si,
1268 3406 1344 3467 ut
1385 3404 1458 3467 in
1500 3403 1581 3468 iis
1627 3404 1845 3486 rebus,
1898 3402 2070 3467 inter
2114 3423 2273 3484 quas

249 3491 422 3559 nihil
461 3491 762 3575 interest,
804 3495 1101 3557 neutram
1143 3492 1214 3556 in
1247 3494 1500 3575 partem
1534 3491 1989 3575 propensiores
2035 3510 2277 3573 8811188,

2310 1747 2377 1796 29

2310 3070 2379 3119 30
