2609 3884
827 194 1252 251 ADNOTATIO
1291 193 1593 250 CRITICA.
2123 195 2225 250 XV

209 357 357 425 quod
396 354 624 424 ‘paucis
658 356 791 410 ante
826 353 1014 410 verbis
1049 355 1327 408 deorsum
1358 352 1640 407 teneatur’
1656 394 1671 420 ,
1713 353 1950 407 alteram
1987 352 2228 408 formam

209 427 300 481 hic
333 427 644 496 repudiare.
683 456 752 466 —
798 424 858 479 P.
899 431 982 480 99.
1022 430 1089 480 37
1125 423 1469 478 Particulam
1514 424 1566 477 si
1609 423 1877 491 quoniam
1913 422 2013 478 alii
2058 423 2226 478 corri-

209 497 447 568 gendam
485 497 841 560 censuerunt,
893 495 992 549 alii
1026 493 1217 548 mirati
1252 496 1405 561 sunt,
1441 493 1560 550 vid.
1602 492 1883 562 Draeger,
1931 494 2141 562 syntax
2173 495 2228 548 H

211 573 240 632 ξ
277 573 394 622 346.
436 573 463 620 1
501 585 556 636 Ρ.
596 573 726 634 141,
771 565 899 621 add.
946 565 1185 619 Phaedr.
1233 581 1361 634 app.
1404 569 1486 618 18.
1527 569 1587 631 8,
1634 562 1865 627 Quintil.
1914 564 2056 620 decl.
2104 571 2225 632 264,

210 639 414 692 Auson.
471 639 612 707 sept.
665 653 782 706 sap.
835 637 974 690 sent.
1023 640 1072 689 5.
1120 641 1170 690 6.
1218 665 1284 674 -
1330 634 1390 689 P.
1448 638 1564 688 100.
1615 639 1683 687 14
1734 651 1853 703 sqq.
1908 635 2227 700 Democriti,

211 709 376 761 atomi
405 735 492 760 .—
539 707 858 776 coqitemus;
909 705 1154 773 infinitio
1209 703 1289 759 sio
1347 703 1601 758 distinxit
1651 704 1837 758 Madv.
1892 704 1953 758 in
2000 705 2085 758 ed.
2130 705 2227 773 III,

211 777 357 846 vulg.
395 777 712 832 Democriti.
785 776 975 830 Atomi
1020 805 1088 815 —-
1135 776 1449 843 comtemnit,
1495 775 1755 842 infinitio
1794 804 1861 813 —
1898 773 1959 828 P.
2001 780 2119 829 101.
2163 782 2227 829 10

214 847 277 900 T.
316 863 421 901 om.
460 845 630 912 Bait„
667 848 703 902 l.
744 846 904 902 codd.
942 875 1012 886 -
1047 846 1108 900 P.
1150 850 1268 901 102.
1306 851 1373 899 21
1412 845 1510 898 illo
1550 844 1773 913 scripsi,
1813 843 1971 900 codd.
2011 847 2071 898 et
2102 845 2227 900 edd.

209 918 314 971 ille.
368 917 500 970 Non
531 917 755 972 videtur
789 918 884 971 ille
927 915 1206 985 pertinere
1255 931 1422 984 posse
1468 914 1543 969 ad
1590 913 1964 984 Aristippum,
2012 915 2113 969 sed
2156 914 2229 969 ad

209 987 527 1056 Epicurum.
559 1018 621 1026 —
651 987 711 1042 P.
753 993 871 1041 102.
901 992 970 1041 28
1005 986 1324 1041 iracwndae
1361 984 1582 1054 Lamb.,
1618 984 1822 1050 Madv„
1859 983 2005 1039 Bait.
2041 985 2103 1038 in
2140 985 2225 1041 ed.

210 1057 455 1110 Tauchn.
492 1056 876 1125 probabiliter.
915 1087 980 1096 -—
1017 1056 1080 1110 P.
1110 1061 1228 1111 102.
1268 1061 1337 1109 36
1373 1056 1557 1124 inquit
1592 1070 1696 1109 om.
1724 1055 1909 1108 Madv.
1939 1056 2036 1124 qui
2068 1055 2227 1123 illud,

210 1127 360 1194 quod
397 1129 483 1181 est
515 1127 577 1180 in
603 1127 727 1181 cod.
755 1126 933 1181 Palat.
961 1126 1035 1194 B,
1074 1141 1105 1179 e
1143 1125 1473 1195 compendio
1499 1125 1653 1181 vocis
1684 1127 1859 1194 iqitur
1884 1128 2079 1180 natum
2108 1141 2227 1180 esse

209 1198 364 1250 ratus
390 1197 486 1258 {vel
521 1197 710 1266 potius
775 1213 840 1252 ro
879 1199 1034 1252 certo
1062 1195 1363 1251 affirmans.
1400 1225 1467 1234 --
1504 1195 1567 1251 P.
1599 1201 1719 1251 103.
1747 1201 1818 1250 30
1852 1196 1983 1250 haec
2010 1196 2133 1250 cod.
2160 1197 2227 1264 A,

209 1266 373 1334 Bait„
409 1269 508 1322 hoc
543 1267 703 1322 codd.
789 1267 862 1334 Ε,
898 1267 1104 1334 Madv„
1138 1284 1191 1321 v.
1231 1267 1306 1320 ad
1341 1283 1396 1335 p.
1427 1271 1512 1321 66.
1544 1271 1603 1330 1ς
1638 1265 1870 1348 [putat]
1896 1265 2053 1334 Bak„
2081 1266 2227 1320 Bait.

212 1337 294 1390 ed.
350 1336 419 1391 H.
467 1367 538 1376 —
580 1337 643 1392 P.
683 1342 802 1392 103.
849 1343 915 1392 31
971 1341 1240 1406 oportere
1295 1335 1419 1406 ipse
1471 1352 1694 1404 quoque
1750 1336 1991 1391 scribere
2028 1336 2230 1390 'malui

212 1424 404 1478 quam,
454 1407 605 1475 quod
643 1408 729 1462 est
762 1408 824 1462 in
859 1407 1045 1475 codd.‚
1092 1411 1418 1476 oporteret,
1464 1406 1616 1475 quod
1658 1406 1719 1460 in
1761 1405 1969 1462 talibus
2007 1423 2229 1461 sexcen-

210 1477 356 1530 tiens
413 1480 656 1531 erratum
712 1493 833 1532 esse
878 1478 1124 1544 constat,
1181 1476 1279 1530 sed
1332 1475 1484 1544 quod
1535 1476 1720 1530 Madv.
1776 1479 1951 1546 negat
2005 1477 2228 1531 omnino

216 1547 410 1616 ‘posse
455 1548 665 1602 variari
706 1548 767 1601 in
812 1547 919 1602 hac
971 1546 1376 1601 contrariorum
1414 1545 1833 1601 coniunctione'
1872 1547 2039 1612 (nihil
2074 1563 2230 1616 opor·

211 1622 316 1672 tere
351 1647 424 1656 —
458 1619 597 1672 satis
633 1623 787 1685 esse),
821 1618 882 1671 id
913 1616 1138 1672 facilius
1176 1617 1487 1683 crederem,
1524 1616 1573 1672 si
1603 1617 1915 1672 necessario
1950 1619 2071 1672 tam
2107 1619 2229 1672 arte

211 1687 350 1740 haec
385 1688 680 1754 tamquam
717 1687 996 1742 contraria
1033 1686 1421 1755 coniungenda
1458 1702 1579 1741 esse
1620 1686 2025 1756 intellegerem.
2063 1718 2130 1728 -
2166 1687 2230 1744 P.

214 1763 328 1810 103.
360 1763 428 1811 32
469 1773 577 1812 esee
610 1757 748 1811 satie
775 1757 896 1810 cod.
924 1758 991 1825 A,
1028 1755 1170 1810 Bait.
1201 1787 1266 1795 —
1296 1757 1356 1810 P.
1390 1762 1507 1810 103.
1538 1763 1607 1811 36
1644 1757 1907 1812 indicari
1932 1758 2046 1825 all.,
2084 1756 2228 1811 Bait.

135 1863 142 1867 -
211 1827 297 1880 ed.
325 1826 571 1882 Tauchn.
591 1856 660 1868 -
679 1826 740 1881 P.
773 1833 890 1880 105.
921 1833 952 1881 8
980 1826 1341 1894 depellendus
1368 1826 1489 1880 cod.
1517 1825 1585 1894 A,
1615 1825 1777 1894 Bait„
1804 1827 2002 1894 repell.
2023 1826 2144 1882 cod.
2167 1826 2229 1895 B,

209 1896 418 1964 Madv„
453 1896 690 1951 fortasse
717 1898 888 1964 recte,
913 1911 1254 1965 quamquam
1279 1897 1526 1965 depulsio
1551 1897 1687 1951 mali
1711 1914 1764 1965 p.
1796 1902 1915 1952 138.
1945 1902 2015 1951 30
2052 1899 2113 1951 et
2138 1899 2229 1952 do-

211 1967 345 2020 loris
379 1983 434 2035 p.
465 1972 583 2022 242.
614 1971 682 2020 25
713 1966 1015 2048 opponitur
1050 1967 1333 2036 adeptioni
1371 1967 1499 2021 boni
1536 1968 1594 2020 et
1618 1967 1915 2035 voluptatis
1942 1969 2229 2036 appetitui.

213 2036 324 2089 Sed
351 2039 674 2091 constanter
701 2036 892 2091 C1cero
917 2038 1186 2105 repellere
1213 2036 1466 2091 dolorem
1494 2038 1555 2090 et
1588 2036 1709 2092 sim.
1740 2038 1957 2103 (famem
1982 2040 2232 2108 sitimque

213 2107 487 2174 depellere
524 2124 580 2176 p.
621 2112 739 2161 106.
768 2113 865 2176 30,
906 2108 1233 2162 maestitiam
1267 2109 1468 2176 pellere
1501 2124 1556 2175 p.
1589 2113 1707 2162 109.
1738 2113 1799 2172 93
1836 2109 2231 2177 aeyritudinem

212 2177 466 2244 depellere
513 2195 568 2246 p.
617 2182 738 2232 365.
776 2183 844 2232 35
895 2177 1062 2231 aliter
1114 2176 1329 2231 dictum
1372 2177 1613 2247 videtur)
1671 2176 1835 2244 dicit,
1886 2179 2231 2247 repulsionis

211 2247 484 2300 vocabulo
522 2247 783 2301 abstinet.
839 2247 1116 2302 Detinere
1147 2249 1320 2302 vitam
1355 2247 1423 2301 de
1459 2249 1573 2302 nat.
1611 2247 1759 2302 deor.
1790 2247 1843 2302 H
1878 2254 1964 2302 47.
2005 2255 2104 2303 121
2144 2265 2227 2306 ex.

209 2315 355 2370 falso
394 2317 552 2371 codd.
591 2319 650 2372 et
683 2316 891 2374 Baiter.
930 2346 997 2357 —·
1033 2317 1095 2371 P.
1128 2323 1246 2372 105.
1284 2324 1349 2372 13
1386 2319 1631 2372 dilectus
1666 2317 1890 2386 scripsi,
1926 2319 2028 2375 del.
2068 2319 2227 2376 codd.

214 2387 271 2438 et
315 2386 498 2455 editt,
543 2387 682 2442 item
731 2405 785 2457 p.
835 2393 954 2442 106.
1003 2393 1071 2441 10
1117 2389 1361 2456 (deflectu
1407 2388 1527 2441 cod.
1574 2390 1649 2455 A,
1697 2389 1921 2456 defluxu
1965 2389 2057 2458 B),
2112 2395 2227 2444 175.

213 2461 307 2523 37,
355 2463 475 2511 228.
515 2463 610 2525 20,-
659 2459 884 2512 dilectus
930 2459 989 2512 et
1033 2458 1192 2512 codd.
1241 2459 1300 2512 et
1334 2457 1479 2512 Bait.
1532 2457 1735 2526 (Madv.
1778 2458 2059 2526 prioribus
2098 2459 2230 2513 duo·

210 2525 314 2578 bus
349 2526 514 2596 locis)
560 2545 616 2596 p.
659 2533 775 2582 190.
818 2533 908 2596 11,
951 2533 1068 2581 193.
1107 2533 1200 2593 35,
1241 2533 1363 2582 264.
1394 2533 1488 2595 25,
1538 2534 1657 2581 273.
1698 2535 1791 2593 16,
1831 2535 1950 2582 337.
1980 2535 2076 2594 31,
2132 2530 2232 2583 sed

210 2612 323 2649 non
357 2598 515 2650 recte
550 2612 678 2652 mea
720 2597 948 2666 quidem
989 2597 1267 2653 sententia
1296 2600 1370 2666 (v.
1409 2597 1570 2664 Seyff.
1606 2597 1759 2652 Lael.
1788 2614 1841 2665 p.
1873 2599 1997 2664 391)
2023 2616 2079 2666 p.
2108 2604 2228 2653 296.

212 2671 281 2719 20
318 2666 508 2720 dilecti
541 2667 652 2721 viri
685 2669 758 2736 (p.
788 2674 911 2722 446.
940 2673 1007 2722 27
1046 2670 1293 2733 delectos,
1328 2685 1383 2736 Ρ.
1424 2673 1543 2721 450.
1577 2673 1638 2721 11
1680 2667 1964 2735 deliye‘nda
1999 2670 2229 2736 omnes).

213 2765 279 2774 -
314 2735 379 2790 P.
421 2739 661 2804 10618,
703 2744 820 2792 112.
859 2745 952 2805 14,
1003 2743 1120 2793 155.
1161 2744 1226 2792 12
1274 2737 1476 2806 (Halm.
1523 2754 1577 2806 p.
1617 2741 1738 2792 866.
1778 2743 1844 2790 12
1892 2737 1979 2791 ed.
2028 2738 2119 2794 Or.
2157 2739 2229 2806 ΙΙ)

213 2805 472 2860 benivole
517 2807 575 2860 et
619 2807 1020 2877 benivolentia,
1065 2827 1122 2878 p.
1158 2814 1278 2864 380.
1319 2815 1350 2864 7
1398 2809 1454 2862 et
1500 2814 1593 2876 13,
1642 2824 1698 2876 p.
1736 2813 1856 2864 401.
1898 2813 1929 2862 7
1975 2811 2229 2867 malivol.

214 2875 399 2944 codd,
447 2877 675 2932 benevol.
724 2879 783 2932 et
823 2879 1008 2934 malev.
1057 2878 1210 2944 edd.;
1259 2878 1328 2934 cf.
1375 2896 1429 2947 p.
1478 2884 1599 2932 397.
1649 2883 1730 2932 12.
1782 2907 1846 2918 -
1898 2878 1959 2932 P.
2006 2886 2121 2935 106.
2165 2887 2229 2934 15

210 2946 418 3000 dictum
460 2947 554 3000 sit
599 2947 761 3004 codd.
805 2951 959 3002 recte
1005 2950 1077 3016 (v.
1126 2948 1200 3002 ad
1244 2965 1300 3018 p.
1350 2954 1433 3003 35.
1476 2952 1589 3020 13),
1634 2953 1712 3003 est
1756 2965 1882 3002 cum
1932 2949 2055 3015 alii,
2109 2952 2230 3004 tum

209 3015 394 3071 Madv.
453 3018 513 3070 et
545 3015 691 3071 Bait.
730 3048 796 3058 -——
834 3018 896 3074 P.
947 3023 1064 3074 106.
1112 3024 1180 3072 35
1215 3019 1431 3073 videtur
1478 3019 1662 3087 codd,
1707 3019 1980 3073 videretur
2023 3019 2229 3089 Madv„

208 3083 380 3154 Bait„
410 3085 533 3168 auz’
561 3087 699 3142 satis
727 3088 1121 3157 probabiliter,
1153 3088 1276 3156 sed,
1304 3090 1368 3142 ut
1397 3089 1619 3158 opinor,
1645 3088 1873 3142 minime
1900 3091 2228 3159 necessario,

206 3171 551 3308 &affl-{³¹⁸
571 3173 836 3309 3ξὲιῆῗᾶ
841 3175 952 3284 ‘hi-⁵..
976 3164 1173 3282 ¹⁰1..ssssss
1177 3200 1188 3213 ·
1200 3164 1296 3282 ..¹5
1344 3164 1707 3284 Ξῗῗέἕῶἒέξ
1748 3164 2231 3284 3ξωῖᾰωῖἷῖῗῖἕέ

210 3298 483 3351 orationis
513 3297 802 3368 obliquae3
843 3299 910 3354 of.
939 3317 995 3368 Ρ.
1026 3304 1111 3353 24.
1142 3304 1226 3366 16,
1255 3304 1340 3353 40.
1370 3305 1609 3366 37,·126.
1640 3306 1690 3368 9,
1720 3305 1840 3353 243.
1870 3305 1955 3367 29,
1992 3305 2112 3354 269.
2141 3307 2227 3368 23,

208 3371 332 3420 283.
361 3373 455 3435 28,
493 3373 616 3424 455.
649 3375 715 3424 10
744 3387 824 3439 sq.
854 3370 912 3423 et
944 3370 1018 3423 ad
1053 3387 1106 3438 p.
1140 3374 1188 3422 7.
1220 3374 1302 3425 13.
1334 3400 1401 3408 -
1429 3368 1510 3423 Ib.
1540 3387 1620 3439 sq.
1649 3371 1797 3425 omni
1832 3370 2013 3424 dolore
2048 3386 2229 3424 carere

205 3436 324 3504 all„
359 3436 506 3492 Bait.
556 3439 645 3493 ed.
694 3439 830 3494 min.
867 3470 933 3480 -——
971 3439 1032 3493 P.
1065 3445 1181 3494 108.
1223 3446 1254 3493 2
1301 3454 1424 3508 quo
1468 3441 1657 3494 melius
1700 3441 1774 3494 sit
1818 3431 2039 3506 scripsi,
2085 3440 2229 3506 quod

207 3507 373 3561 codd.
411 3510 470 3563 et
507 3509 629 3564 edd.
667 3510 813 3579 Non,
851 3509 1016 3580 quale
1055 3509 1128 3564 sit
1161 3508 1246 3579 id,
1293 3509 1445 3581 quod
1482 3510 1738 3579 accedat,
1790 3507 2091 3579 quaeritur,
2128 3507 2222 3560 sed
