2609 3884
401 144 533 209 194
726 142 824 197 DE
861 141 1150 198 FINIBUS
1185 141 1547 198 BONORUM
1580 140 1676 197 ET
1713 140 2077 197 MALORUM

397 307 480 372 iis
507 305 720 389 rebus,
754 325 916 388 quas
945 325 1140 388 supra
1176 303 1329 386 dixi,
1366 303 1707 369 metienda.
1759 300 1935 367 Nam
1958 322 2166 385 neque
2186 351 2202 367 .
2257 349 2275 367 .
2326 350 2345 369 .
2394 349 2413 368 .
2581 194 2592 505 1

398 396 639 459 virtute
703 392 1017 457 retinetur
1077 391 1148 455 in
1208 392 1374 475 vita,
1435 413 1555 455 nec
1617 391 1729 474 iis,
1795 390 1909 474 qui
1971 390 2109 454 sine
2174 389 2415 454 virtute

400 486 574 566 sunt,
638 502 812 545 mors
878 484 977 544 est
1043 480 1424 563 oppetenda.
1538 478 1629 543 Et
1700 498 1891 562 saepe
1965 477 2253 543 officium
2317 479 2418 541 est

399 569 709 656 sapientis
756 567 1105 632 desciscere
1154 589 1194 631 a
1235 568 1401 650 vita,
1444 588 1591 631 cum
1628 566 1713 630 sit
1757 565 2201 649 beatissimus,
2248 566 2306 629 si
2350 564 2417 628 id

398 662 715 743 oportune
749 656 961 721 facere
999 656 1225 740 possit.
1290 653 1396 719 Sic
1429 654 1601 719 enim
1629 657 1912 737 censent,
1948 653 2414 738 oportunitatis
2440 677 2473 720 5

399 769 542 813 esse
610 747 799 809 beate
870 744 1113 828 vivere,
1197 743 1371 826 quod
1443 746 1545 807 est
1616 742 2070 808 convenienter
2148 744 2419 806 naturae

397 836 633 900 vivere.
727 831 957 915 Itaque
1013 854 1054 895 0
1109 830 1432 915 sapientia
1482 831 1903 915 praecipitur,
1961 851 2031 895 se
2072 829 2317 913 ipsam,
2365 830 2422 893 si

398 945 554 988 usus
609 920 725 1004 sit,
781 922 1037 1003 sapiens
1090 923 1166 983 ut
1217 919 1561 1004 relinquat.
1660 918 1866 995 Quam
1931 919 2014 983 ob
2069 939 2209 982 rem
2274 938 2421 982 cum

399 1012 707 1076 vitiorum
752 1008 884 1071 ista
928 1007 1026 1071 vis
1081 1029 1214 1071 non
1268 1008 1383 1091 sit,
1443 1010 1518 1071 ut
1561 1028 1823 1071 causam
1867 1006 2142 1071 afferant
2184 1006 2419 1070 mortis

399 1095 830 1178 voluntariae,
910 1095 1324 1179 perspicuum
1407 1098 1508 1161 est
1579 1094 1776 1159 etiam
1850 1095 2227 1171 stultorum,
2308 1095 2421 1176 qui
2450 1119 2507 1160 ιο

397 1186 595 1250 iidem
657 1182 880 1247 miseri
939 1183 1100 1266 sint,
1163 1182 1451 1247 officium
1506 1204 1645 1247 esse
1698 1203 1957 1247 manere
2010 1182 2081 1246 in
2133 1181 2300 1260 vita,
2366 1181 2423 1245 si

402 1274 536 1338 sint
587 1270 658 1335 in
708 1271 955 1335 maiore
1019 1274 1207 1355 parte
1261 1292 1477 1334 rerum
1540 1292 1787 1353 earum,
1842 1291 2003 1354 quas
2068 1268 2425 1334 secundum

398 1364 702 1439 naturam
757 1379 898 1422 esse
955 1357 1243 1423 dicimus.
1332 1358 1422 1422 Et
1473 1358 1778 1441 quoniam
1826 1357 2135 1422 excedens
2190 1378 2227 1421 e
2282 1358 2425 1421 vita

401 1452 467 1512 et
511 1467 779 1512 manens
827 1466 1026 1530 aeque
1071 1446 1270 1509 miser
1306 1450 1432 1529 est,
1485 1467 1605 1511 nec
1650 1445 2043 1511 diuturnitas
2102 1445 2313 1530 magis
2361 1445 2423 1508 ei

398 1537 605 1601 vitam
664 1534 1038 1619 fugiendam
1100 1533 1285 1617 facit,
1357 1554 1491 1598 non
1554 1534 1694 1599 sine
1760 1554 1957 1599 causa
2021 1532 2257 1597 dicitur
2316 1532 2422 1615 iis,
2450 1559 2509 1600 ιτ,

401 1625 511 1709 qui
572 1623 866 1707 pluribus
929 1621 1339 1687 naturalibus
1400 1621 1532 1685 frui
1593 1622 1875 1705 possint,
1938 1642 2078 1686 0000
2140 1621 2213 1685 111
2281 1620 2422 1685 vita

400 1712 810 1776 manendum.

294 1770 380 1895 ἐξ
531 1798 862 1863 Pertinere
917 1799 1134 1861 autem
1188 1796 1269 1861 ad
1323 1818 1460 1861 rem
1516 1796 1914 1861 arbitrantur
1967 1795 2263 1881 intellegi
2306 1818 2429 1860 na-

398 1891 549 1952 tura
609 1886 780 1968 fieri,
839 1888 915 1949 ut
975 1885 1163 1949 liberi
1229 1906 1270 1949 a
1330 1884 1710 1968 parentibus
1779 1888 2103 1966 amentur3
2176 1905 2219 1947 a
2290 1904 2426 1967 quo

398 1973 588 2037 initio
624 1971 985 2056 profectam
1012 1993 1417 2037 communem
1451 1972 1720 2037 humani
1748 1972 2001 2056 generis
2039 1972 2427 2037 societatem
2456 1999 2509 2039 zo

397 2061 859 2144 persequimur.
969 2058 1150 2135 Quod
1223 2060 1505 2143 primum
1578 2060 1875 2143 intellegi
1945 2059 2138 2124 debet
2208 2060 2429 2145 figura

400 2148 832 2232 membrisque
869 2168 1236 2231 corporum,
1283 2168 1447 2230 quae
1492 2148 1638 2231 ipsa
1675 2148 2007 2212 declarant
2038 2148 2429 2231 procreandi

401 2258 443 2301 0
494 2238 730 2301 natura
779 2233 1076 2298 habitam
1134 2255 1274 2298 esse
1327 2234 1665 2299 rationem.
1762 2234 1989 2320 Neque
2045 2257 2201 2301 vero
2259 2235 2428 2301 haec

400 2324 574 2387 inter
627 2343 697 2388 se
761 2341 1114 2405 congruere
1175 2326 1471 2406 possent,
1531 2326 1607 2387 ut
1666 2326 1901 2387 natura
1965 2326 2034 2387 et
2093 2324 2429 2406 procreari

401 2412 601 2479 vellet
655 2412 722 2475 et
779 2408 965 2495 diligi
1006 2414 1377 2494 procreatos
1420 2432 1555 2475 non
1599 2414 1872 2475 curaret.
1959 2410 2177 2495 Atque
2222 2411 2427 2475 etiam
2457 2436 2513 2477 ετ,

399 2500 470 2564 in
513 2498 741 2565 bestiis
786 2498 884 2563 vis
929 2501 1200 2562 naturae
1238 2498 1519 2582 perspici
1560 2501 1805 2582 potest3
1852 2519 2124 2583 quarum
2166 2498 2238 2563 in
2281 2498 2427 2564 fetu

401 2591 469 2652 et
547 2588 618 2651 in
690 2586 1070 2653 educatione
1141 2586 1432 2651 laborem
1504 2607 1650 2651 cum
1721 2587 2042 2651 cernimus
2056 2636 2077 2669 ,
2144 2588 2425 2651 naturae

399 2676 606 2759 ipsius
659 2696 887 2741 vocem
941 2674 1232 2739 videmur
1286 2674 1528 2739 audire.
1628 2673 1840 2749 Quare
1883 2679 1957 2738 ut
2009 2674 2423 2758 perspicuum

401 2765 503 2826 est
569 2768 808 2827 natura
867 2784 989 2827 nos
1054 2784 1095 2827 a
1155 2761 1377 2827 dolore
1440 2761 1821 2846 abhorrere,
1885 2761 1979 2826 sic
2044 2765 2319 2845 apparet
2383 2784 2467 2847 0,

400 2853 635 2913 natura
687 2851 860 2934 ipsa,
913 2851 990 2913 ut
1034 2870 1171 2932 000,
1224 2871 1387 2933 quos
1440 2850 1878 2934 genuerimus,
1934 2869 2255 2932 amemus,
2298 2850 2420 2914 im·
2452 2875 2511 2916 so

295 2948 363 2998 63
400 2936 577 3019 pelli.
648 2936 750 3001 Ex
794 2937 918 3000 hoc
959 2936 1273 3019 nascitur,
1319 2940 1394 3001 ut
1438 2938 1634 3001 etiam
1677 2937 2038 3001 communis
2084 2937 2420 3003 hominum

399 3025 572 3087 inter
614 3022 910 3087 homines
954 3024 1272 3087 naturalis
1320 3025 1410 3088 sit
1452 3024 1955 3108 commendatio,
1996 3028 2073 3089 ut
2117 3028 2422 3107 oporteat

398 3110 727 3175 hominem
782 3110 865 3173 ab
927 3109 1188 3174 homine
1244 3112 1329 3175 ob
1391 3111 1459 3193 id
1525 3113 1766 3215 ipsum,
1829 3111 2004 3195 quod
2054 3112 2251 3177 homo
2314 3114 2422 3196 sit,

399 3219 531 3262 non
574 3196 856 3261 alienum
911 3196 1132 3262 videri.
1229 3194 1567 3263 mm*
1605 3222 1676 3263 111
1729 3199 2036 3263 membris
2093 3200 2222 3264 alia
2267 3206 2422 3266 sunt

398 3289 731 3369 tamquam
795 3284 920 3348 sibi
982 3288 1166 3368 nata,
1229 3290 1304 3350 ut
1367 3288 1561 3371 oculi,
1622 3290 1699 3350 ut
1762 3309 1976 3371 aures,
2032 3288 2164 3352 alia
2218 3289 2419 3353 etiam
2445 3314 2503 3357 35

399 3377 756 3438 ceterorum
808 3372 1244 3437 membrorum
1298 3396 1488 3438 usum
1545 3373 1880 3458 adiuvant,
1934 3378 2010 3439 ut
2064 3397 2276 3459 crura,
2344 3381 2421 3441 ut

399 3483 655 3544 manus,
741 3460 834 3525 sic
904 3459 1219 3524 immanes
1291 3461 1606 3547 quaedam
1678 3460 1923 3526 bestiae
1997 3462 2126 3527 sibi
2206 3464 2421 3529 solum
