2609 3884
692 137 823 192 ΠΒ.
862 139 907 192 Ι.
964 135 1123 193 CAP.
1163 142 1410 192 10—12.
1460 143 1490 204 s
1527 143 1771 193 35—41.
2109 136 2236 202 107

210 297 478 363 modum
526 298 616 364 sit
659 298 950 382 affectus,
996 319 1143 363 eum
1190 319 1453 364 necesse
1504 302 1604 364 est
1640 302 1752 364 aut
1794 299 1867 365 in
1900 299 2236 382 voluptate

210 406 356 451 esse
402 388 521 452 aut
564 385 634 450 in
678 385 917 452 dolore.
1017 385 1243 452 Omnis
1299 389 1517 452 autem
1568 387 1936 471 privatione
1992 387 2236 454 doloris

208 476 403 559 putat
475 472 795 558 Epicurus
872 474 1211 540 terminari
1275 496 1596 540 summam
1664 475 2093 560 voluptatem,
2163 478 2239 542 ut

208 565 442 646 postea
512 561 751 628 variari
819 562 1119 646 voluptas
1195 562 1636 648 distinguique
1705 564 1941 647 possit,
2013 563 2239 648 augeri

130 674 159 715 ε
211 649 721 734 amplificarique
780 671 913 716 non
972 650 1199 734 possit.
1305 649 1400 715 At
1451 651 1650 716 etiam
1703 650 2010 734 Athenis,
2061 654 2139 716 ut
2197 673 2237 715 a
2272 671 2341 722 39

208 741 402 822 patre
467 737 809 803 audiebam
868 737 1077 804 facete
1141 741 1208 802 et
1267 738 1517 804 urbane
1586 736 1840 804 Stoicos
1911 738 2237 823 irridente,

210 827 436 890 statua
497 828 598 890 est
658 826 729 892 in
771 823 1119 894 ‚Ceramico
1176 823 1528 911 Chrysippi
1597 825 1877 892 sedentis
1939 831 2240 911 porrecta

209 935 441 998 manu,
496 935 659 998 quae
704 936 936 979 manus
982 914 1306 998 significet
1349 915 1534 978 illum
1580 913 1652 979 in
1695 914 1819 980 hac
1865 936 2005 980 esse
2049 935 2236 1000 roga-

206 1001 502 1068 tiuncula
547 1001 957 1068 delectatumt
1022 1000 1528 1086 ‘Numquidnam
1573 1024 1802 1068 manus
1847 1007 1964 1068 tua
2009 1003 2102 1069 sic
2147 1003 2238 1068 af·

132 1115 183 1155 ιο
210 1089 411 1172 fecta,
467 1111 657 1174 quem
702 1089 786 1157 ad
830 1090 1095 1156 modum
1141 1091 1374 1156 affecta
1425 1111 1599 1156 nunc
1657 1094 1782 1174 est,
1842 1090 2236 1157 desiderat?'

212 1215 301 1224 —
346 1176 535 1242 Nihil
591 1199 762 1243 nane.
814 1214 892 1226 -
943 1177 1085 1261 ‘At‚
1138 1178 1193 1244 si
1245 1178 1547 1261 voluptas
1601 1182 1776 1244 esset
1817 1179 2088 1264 bonum,
2137 1179 2240 1244 de-

212 1264 573 1332 sideraret?
619 1302 705 1313 —
734 1265 856 1336 x,Ita
906 1267 1117 1332 credo.
1161 1301 1247 1314 -
1294 1263 1470 1332 ‘Non
1523 1269 1624 1331 est
1674 1266 1880 1351 igitur
1935 1266 2238 1350 voluptas

210 1351 500 1420 bonum?
613 1352 760 1420 Hoc
828 1375 911 1419 ne
984 1356 1270 1419 statuam
1342 1353 1601 1440 quidem
1671 1354 1990 1421 dicturam
2051 1359 2241 1438 pater

213 1442 466 1526 aiebat,
518 1441 576 1507 si
628 1441 807 1526 loqui
858 1445 1103 1526 posset.
1201 1438 1594 1508 Conclusum
1639 1445 1741 1507 est
1799 1443 1970 1508 enim
2015 1447 2242 1510 contra

134 1553 187 1595 ιε
213 1527 607 1615 Cyrenaicos
662 1529 822 1595 satis
876 1533 1091 1615 acute,
1139 1529 1310 1596 nihil
1364 1529 1446 1595 ad
1489 1528 1862 1614 Epicurum.
1960 1527 2135 1595 Nam
2183 1531 2241 1597 si

212 1639 293 1683 ea
339 1617 483 1684 sola
525 1618 827 1702 voluptas
866 1621 1061 1702 esset,
1103 1639 1269 1703 quae
1317 1618 1502 1702 quasi
1544 1618 1847 1683 titillaret
1883 1639 2122 1697 sensus,
2168 1623 2242 1683 ut

211 1707 312 1770 ita
371 1705 607 1790 dicam,
666 1709 733 1771 et
778 1705 861 1772 ad
920 1728 1033 1772 eos
1086 1728 1233 1772 cum
1278 1706 1602 1772 suavitate
1647 1705 1946 1771 afflueret
1991 1709 2056 1771 et
2096 1706 2242 1771 illa-

212 1795 505 1876 beretur,
547 1815 667 1859 nec
703 1815 931 1858 manus
968 1816 1107 1860 esse
1144 1798 1452 1860 contenta
1496 1796 1720 1877 posset
1753 1814 1874 1859 nec
1908 1793 2047 1859 ulla
2083 1815 2239 1877 pars

212 1882 543 1948 vacuitate
589 1880 831 1948 doloris
886 1882 1026 1948 sine
1078 1882 1358 1948 iucundo
1411 1885 1592 1946 motu
1645 1881 2023 1965 voluptatis·
2126 1880 2242 1948 Sin

134 1995 187 2036 ao
215 1973 437 2035 autem
482 1991 739 2037 summa
788 1969 1089 2055 voluptas
1145 1974 1270 2056 est,
1324 1973 1402 2036 ut
1443 1968 1723 2054 Epicuro
1776 1970 2016 2054 placet,
2073 1971 2242 2036 nihil
2277 1967 2284 1976 '

214 2058 460 2136 dolere,
502 2057 787 2142 primum
830 2058 956 2124 tibi
1000 2061 1198 2144 recte,
1257 2056 1646 2142 Chrysippe,
1702 2079 2079 2124 concessum
2123 2062 2243 2143 est,

212 2145 385 2210 nihil
430 2145 791 2211 desiderare
828 2167 1118 2231 manum,
1166 2167 1311 2212 cum
1354 2145 1450 2210 ita
1495 2150 1669 2211 esset
1717 2146 1975 2229 affecta,
2020 2168 2242 2212 secun-

214 2233 373 2298 dum
414 2255 551 2299 non
592 2236 792 2317 recte,
838 2235 895 2299 si
940 2234 1241 2320 voluptas
1288 2237 1463 2299 esset
1506 2233 1774 2313 bonum,
1831 2233 2031 2300 fuisse
2079 2234 2241 2300 desi·

216 2322 609 2387 deraturam.
697 2320 945 2387 Idcirco
991 2322 1165 2387 enim
1208 2344 1344 2388 non
1387 2321 1813 2407 desideraret,
1856 2324 2026 2407 quia,
2071 2322 2242 2408 quod

138 2435 190 2476 ss
218 2410 441 2476 dolore
488 2412 691 2492 caret,
736 2409 803 2474 id
848 2410 919 2476 in
963 2410 1297 2495 voluptate
1343 2414 1460 2476 est.
1623 2484 1630 2488 ,

349 2497 733 2564 Extremum
806 2501 1027 2563 autem
1099 2520 1238 2566 esse
1311 2498 1632 2563 bonorum
1694 2497 2098 2581 voluptatem
2166 2518 2244 2562 ex
2267 2475 2350 2602 ἒξ

215 2585 344 2652 hoc
394 2584 706 2652 facillime
765 2586 1045 2671 perspici
1100 2589 1346 2670 potest:
1417 2582 1905 2651 Constituamus
1961 2585 2244 2670 aliquem

216 2673 507 2760 magnis,
552 2672 778 2739 multis
786 2710 829 2759 ,·
858 2675 1185 2758 perpetuis
1238 2675 1564 2740 fruentem
1623 2677 1690 2740 et
1734 2673 1947 2738 animo
1995 2677 2062 2738 et
2105 2694 2244 2739 cor-

216 2783 380 2847 pore
443 2761 888 2846 voluptatibus
948 2763 1131 2828 nullo
1196 2762 1422 2828 dolore
1484 2782 1606 2827 nec
1675 2761 2064 2845 impediente
2126 2783 2247 2827 nec

142 2875 195 2916 ω
219 2850 636 2934 impendente
650 2899 668 2934 ‚
723 2871 914 2934 quem
970 2850 1231 2918 tandem
1284 2850 1411 2916 hoc
1465 2853 1641 2916 statu
1688 2849 2244 2933 praestabiliorem

219 2940 334 3004 aut
378 2939 592 3023 magis
641 2938 1069 3022 expetendum
1107 2938 1435 3022 possimus
1481 2937 1736 3003 dicere?
1805 2937 2028 3004 Inesse
2073 2937 2246 3003 enim

217 3046 483 3092 necesse
526 3029 629 3090 est
672 3026 742 3090 in
786 3047 890 3111 eo,
947 3027 1059 3111 qui
1110 3027 1207 3092 ita
1264 3027 1355 3092 sit
1407 3026 1701 3111 affectus,
1761 3029 1830 3091 et
1871 3026 2246 3090 firmitatem

220 3113 427 3180 animi
468 3134 590 3179 nec
632 3117 912 3180 mortem
964 3135 1084 3180 nec
1138 3113 1429 3180 dolorem
1478 3114 1799 3199 timentis,
1854 3114 2025 3198 quod
2068 3133 2245 3179 mors

222 3223 419 3268 sensu
455 3205 702 3286 careat,
748 3202 936 3268 dolor
969 3202 1041 3267 in
1074 3201 1552 3288 longinquitate
1586 3202 1778 3285 levis,
1819 3202 1889 3266 in
1925 3201 2246 3287 gravitate

142 3313 196 3356 σε
220 3290 438 3356 brevis
502 3290 710 3355 soleat
773 3309 941 3375 esse,
1003 3294 1079 3356 ut
1140 3292 1279 3356 eius
1343 3288 1860 3375 magnitudinem
1932 3289 2248 3373 celeritas,

222 3377 721 3444 diuturnitatem
779 3378 1088 3444 allevatio
1135 3379 1521 3444 consoletur.
1604 3376 1711 3442 Ad
1755 3398 1832 3442 ea
1878 3397 2023 3442 cum
2069 3396 2244 3441 acce·
2283 3393 2344 3443 41

224 3466 351 3548 dit,
402 3470 479 3532 ut
522 3485 728 3550 neque
774 3465 1062 3531 divinum
1105 3487 1345 3531 numen
1386 3465 1655 3531 horreat
1693 3484 1816 3529 nec
1861 3464 2244 3548 praeteritas
