2609 3884
413 164 544 227 312
807 162 1403 219 TUSCULANARUM
1438 163 2040 220 DISPUTATIONUM

410 325 641 411 igitur,
705 324 764 389 si
825 327 967 389 tum
1023 327 1194 390 esset
1257 326 1603 409 extinctus,
1661 348 1701 391 a
1753 326 1944 391 bonis
1998 326 2189 391 rebus
2245 350 2333 392 an
2391 350 2433 392 a

410 413 600 477 malis
647 411 1091 477 discessisset?
1181 412 1371 479 Certe
1418 436 1458 479 a
1500 414 1772 479 miseris.
1860 414 2013 483 Non
2064 416 2235 479 enim
2283 437 2431 480 cum

412 522 633 566 socero
699 500 943 565 bellum
997 502 1335 585 gessisset,
1390 522 1525 568 non
1580 503 1920 586 inparatus
1977 525 2158 569 arma
2213 526 2431 588 sump-

413 589 634 673 sisset,
676 610 810 654 non
856 587 1118 654 domum
1163 589 1557 674 reliquisset,
1604 612 1739 657 non
1784 612 1861 655 ex
1904 590 2101 656 Italia
2134 591 2434 676 fugisset,

408 698 542 742 non
604 677 888 742 exercitu
952 677 1191 743 amisso
1251 677 1461 743 nudus
1524 678 1596 743 in
1658 700 1989 744 servorum
2053 678 2301 744 ferrum
2364 683 2435 745 et
2458 705 2482 745 5

409 786 638 829 manus
693 764 1030 829 incidisset
1087 767 1139 850 [,
1190 788 1323 832 non
1374 766 1566 830 liberi
1630 765 1873 850 defleti,
1934 788 2066 832 non
2126 766 2432 833 fortunae

410 874 634 917 omnes
690 874 730 917 a
785 852 1138 918 victoribus
1193 852 1721 938 possiderentur}
1820 854 1977 939 Qui,
2032 855 2090 919 si
2149 859 2435 921 mortem

407 944 551 1005 tum
613 940 884 1026 obisset,
947 941 1018 1005 in
1081 942 1501 1025 amplissimis
1573 940 1855 1007 fortunis
1933 942 2299 1022 occidisset,
2371 944 2435 1007 is

408 1029 881 1114 propagatione
936 1029 1108 1094 vitae
1164 1033 1347 1114 quot,
1410 1033 1714 1114 quantas,
1777 1052 1973 1115 quam
2034 1031 2437 1096 incredibilis

303 1116 390 1183 36
409 1116 630 1181 hausit
674 1117 1100 1182 calamitates!
1189 1116 1370 1182 Haec
1425 1120 1632 1183 morte
1689 1118 2109 1203 effugiuntur,
2169 1120 2437 1184 etiamsi
2464 1145 2507 1183 ιο

302 1744 369 1796 87

405 1226 540 1270 non
587 1208 961 1288 evenerunt,
1005 1208 1252 1289 tamen,
1298 1206 1451 1291 quia
1494 1209 1770 1290 possunt
1815 1206 2098 1291 evenire3
2156 1207 2267 1271 sed
2315 1208 2438 1272 ho-

407 1292 615 1356 mines
671 1314 749 1357 ea
804 1293 932 1357 sibi
985 1293 1271 1358 accidere
1324 1315 1516 1377 posse
1568 1315 1703 1360 non
1767 1294 2074 1379 cogitant.
2180 1294 2437 1359 Metelli

409 1384 629 1464 sperat
665 1380 808 1468 sibi„
828 1381 1099 1465 quisque
1133 1381 1488 1465 fortunam,
1531 1382 1800 1465 proinde
1838 1382 2023 1468 quasi
2059 1386 2175 1448 aut
2208 1384 2439 1467 plures

405 1468 726 1534 fortunati
779 1469 912 1533 sint
965 1491 1160 1553 quam
1213 1469 1503 1535 infelices
1559 1473 1673 1535 aut
1728 1471 1888 1536 certi
1944 1471 2289 1555 quicquam
2348 1472 2439 1536 sit

407 1556 481 1620 in
537 1556 730 1622 rebus
786 1556 1086 1622 humanis
1148 1561 1260 1623 aut
1323 1578 1581 1642 sperare
1642 1558 1730 1623 sit
1785 1557 2169 1642 prudentius
2234 1581 2437 1643 quam
2466 1584 2509 1624 ιε

407 1645 657 1709 timere.

543 1730 668 1797 Sed
721 1732 848 1797 hoc
899 1733 1112 1816 ipsum
1168 1734 1579 1813 concedatur,
1636 1734 1827 1799 bonis
1880 1734 2073 1799 rebus
2130 1734 2435 1801 homines

408 1824 617 1886 morte
663 1822 931 1907 privari3
991 1842 1144 1907 ergo
1192 1822 1391 1886 etiam
1438 1844 1652 1888 carere
1696 1826 1989 1888 mortuos
2034 1823 2209 1887 vitae
2256 1844 2434 1888 com-

409 1909 646 1987 modis,
689 1908 880 1993 idque
926 1930 1066 1975 esse
1112 1910 1464 1975 miserum?
1537 1909 1726 1976 Certe
1772 1911 1865 1975 ita
1903 1910 2122 1975 dicant
2164 1932 2435 1976 necesse
2578 1962 2581 1997 ,

410 2000 526 2061 est.
596 1995 704 2061 An
739 1999 958 2081 potest
993 1997 1076 2083 is,
1118 1999 1228 2081 qui
1264 2020 1398 2063 non
1436 2001 1561 2081 est,
1596 2020 1668 2063 re
1704 1998 1839 2062 ulla
1875 1996 2137 2063 carere?
2213 1998 2433 2064 Triste
2459 2025 2499 2063 20

409 2085 580 2148 enim
636 2087 738 2149 est
790 2106 1027 2149 nomen
1082 2086 1295 2170 ipsum
1353 2086 1608 2151 carendi
1616 2098 1645 2170 ,‘
1690 2086 1841 2169 quia
1898 2085 2214 2151 subicitur
2266 2086 2433 2152 haec

407 2172 536 2237 vis:
590 2172 847 2256 habuit,
900 2194 1034 2239 non
1094 2174 1324 2255 habet,
1390 2172 1737 2258 desiderat,
1799 2173 2097 2258 requirit,
2159 2174 2435 2260 indiget.

406 2258 612 2343 Haec,
659 2260 916 2345 opinor,
961 2261 1371 2328 incommoda
1406 2265 1557 2326 sunt
1592 2262 1889 2326 carentis.
1963 2260 2158 2327 Caret
2202 2264 2437 2347 oculis,

409 2346 635 2414 odiosa
687 2348 989 2433 caecitas3
1044 2349 1295 2433 liberis,
1350 2350 1612 2415 orbitas,
1709 2348 1908 2415 Valet
1958 2347 2085 2414 hoc
2128 2348 2200 2414 in
2248 2350 2438 2434 vivis,

406 2439 808 2501 mortuorum
855 2440 1072 2500 autem
1115 2458 1251 2501 non
1295 2438 1487 2504 modo
1534 2438 1707 2503 vitae
1754 2436 2139 2522 commodis,
2188 2437 2306 2502 sed
2352 2460 2437 2503 ne
2460 2461 2501 2502 ιι

406 2524 546 2589 vita
591 2523 848 2609 quidem
891 2523 1038 2607 ipsa
1073 2524 1415 2610 quisquam
1453 2529 1646 2590 caret.
1717 2524 1815 2590 De
1862 2524 2131 2591 mortuis
2178 2524 2437 2609 loquor,

407 2612 520 2695 qui
581 2611 748 2676 nulli
812 2615 993 2697 sunt3
1056 2633 1205 2697 nos,
1270 2614 1382 2697 qui
1434 2635 1683 2694 sumus,
1746 2634 1903 2676 num
1959 2616 2074 2678 aut
2128 2614 2436 2679 cornibus

408 2720 700 2765 caremus
749 2703 863 2764 aut
904 2699 1165 2783 pinnis?
1223 2701 1439 2784 ecquis
1494 2701 1560 2765 id
1608 2700 1885 2765 dixerit?
1984 2698 2173 2765 Certe
2218 2722 2434 2767 nemo.

409 2785 579 2862 Quid
625 2786 763 2851 ita?
864 2787 1054 2873 Quia,
1109 2810 1254 2853 cum
1308 2788 1375 2852 id
1418 2810 1550 2853 non
1594 2787 1868 2871 habeas,
1921 2788 2093 2871 quod
2140 2788 2269 2852 tibi
2314 2811 2437 2855 nec

408 2896 530 2939 usu
565 2896 684 2941 nec
720 2879 957 2941 natura
993 2877 1079 2941 sit
1115 2880 1367 2961 aptum,
1410 2898 1543 2941 non
1581 2897 1829 2957 careas,
1877 2875 2135 2940 etiamsi
2182 2878 2434 2942 sentias
2460 2902 2509 2942 so

303 2975 372 3025 88
407 2966 476 3027 te
528 2984 660 3028 non
712 2963 971 3029 habere.
1069 2963 1213 3029 Hoc
1264 2964 1682 3047 premendum
1741 2964 1939 3028 etiam
1992 2967 2186 3047 atque
2232 2965 2437 3029 etiam

408 3054 510 3115 est
556 3055 1012 3137 argumentum
1059 3053 1441 3117 confirmato
1487 3052 1631 3136 illo,
1674 3052 1752 3116 de
1797 3073 1951 3136 quo,
2012 3051 2071 3116 si
2116 3053 2435 3117 mortales

409 3138 607 3203 animi
655 3143 832 3224 sunt,
890 3137 1182 3203 dubitare
1236 3162 1371 3206 non
1424 3161 1793 3224 possumus,
1847 3138 2005 3223 quin
2061 3142 2287 3205 tantus
2336 3141 2436 3205 in-

407 3227 640 3291 teritus
695 3228 766 3290 in
820 3231 1026 3291 morte
1084 3227 1197 3310 sit,
1247 3232 1324 3293 ut
1374 3249 1457 3293 ne
1510 3228 1781 3293 minima
1833 3227 2091 3312 quidem
2146 3228 2437 3312 suspicio

410 3334 634 3378 sensus
680 3312 1102 3400 relinquatur3-
1158 3313 1283 3379 hoc
1336 3316 1543 3399 igitur
1596 3315 1799 3401 probe
1847 3316 2140 3381 stabilito
2188 3320 2259 3380 et
2298 3317 2438 3381 fixo
2462 3339 2507 3380 ³⁵

408 3399 569 3463 illud
616 3400 1062 3466 excutiendum
1109 3405 1237 3485 est,
1281 3407 1357 3468 ut
1403 3404 1669 3488 sciatur,
1725 3403 1877 3487 quid
1924 3403 2012 3469 sit
2057 3425 2304 3488 carere,
2352 3426 2439 3469 ne

408 3485 809 3570 relinquatur
863 3488 1110 3573 aliquid
1165 3491 1399 3555 erroris
1454 3492 1525 3555 in
1578 3492 1794 3557 verbo,
1900 3488 2183 3557 Carere
2227 3493 2439 3577 igitur
