2609 3884
402 170 532 235 320
792 168 1392 226 TUSCULANARUM
1426 167 2032 224 DISPUTATIONUM

293 319 382 383 44
535 331 664 397 Sed
707 332 904 417 plena
947 353 1238 398 errorum
1285 334 1446 396 sunt·
1483 331 1719 396 omnia.
1799 330 2029 395 Trahit
2072 328 2433 395 Hectorem

297 398 484 486 ¹⁰⁵ad
521 443 776 486 currum
813 420 1160 505 religatum
1195 419 1512 502 Achilles3
1558 419 1831 484 lacerari
1878 440 2023 483 eum
2062 422 2128 483 et
2163 419 2434 502 sentire,

400 509 590 575 credo
600 560 618 593 ,
680 512 886 593 putat.
993 509 1172 592 Ergo
1236 507 1345 572 hic
1405 507 1772 590 ulciscitur,
1834 510 1909 571 ut
1971 505 2232 591 quidem
2300 507 2434 571 sibi

398 598 679 683 videtur3
726 599 796 661 at
839 596 958 661 illa
1005 597 1174 662 sicut
1220 595 1707 662 acerbissimam
1751 617 1887 660 rem
1932 598 2200 659 maeret:

530 717 738 802 Vidi,
783 719 1045 784 videre
1093 710 1291 803 q‘uod
1332 741 1443 783 me
1487 740 1718 802 passa
1763 720 2233 803 aegerrume,
2456 744 2482 785 ε

531 807 943 873 Hect6rem
989 829 1212 872 curru
1260 806 1726 891 quadriiugo
1774 807 2187 891 raptarier.

400 948 604 1025 Quem
675 947 1052 1032 Hectorem,
1126 950 1238 1013 aut
1312 968 1507 1030 quam
1582 946 1691 1011 diu
1762 947 1873 1011 ille
1948 948 2072 1012 erit
2131 944 2434 1012 Hector?

397 1036 634 1101 Melius
681 1035 916 1100 Accius
965 1039 1031 1100 et
1076 1035 1421 1119 aliquando
1476 1035 1733 1118 sapiens
1778 1034 2097 1101 Achilles:

531 1143 769 1223 1mmo
860 1158 1250 1224 enimvero
1336 1159 1609 1241 corpus
1692 1157 1998 1224 Priamo
2086 1158 2435 1242 reddidi,

1462 1243 1875 1312 Hectorem
1930 1246 2246 1312 abstuli.

396 1386 462 1453 N
465 1408 549 1453 on
595 1387 799 1471 igitur
842 1386 1130 1453 Hectora
1182 1387 1467 1469 traxisti,
1524 1387 1637 1453 sed
1683 1408 1945 1471 corpus,
1992 1388 2161 1471 quod
2206 1388 2434 1453 fuerat
2460 1416 2501 1454 ιο

297 1490 396 1540 106
442 1475 762 1540 Hectoris.
858 1475 1030 1541 Ecce
1085 1476 1248 1541 alius
1305 1474 1589 1541 exoritur
1644 1496 1680 1539 e
1733 1478 1938 1559 terra,
1988 1476 2100 1559 qui
2144 1481 2433 1542 matrem

398 1564 678 1629 dormire
721 1583 857 1628 non
903 1564 1104 1628 sinat:

529 1686 800 1771 Mater,
862 1689 936 1750 te
1006 1685 1349 1770 appello,
1410 1689 1521 1768 tu,
1585 1707 1775 1770 quae
1840 1709 2094 1753 curam
2159 1689 2431 1755 somno

1500 1776 1951 1858 suspensam
1995 1776 2246 1859 levas,

529 1862 791 1948 Neque
885 1862 961 1927 te
1042 1862 1187 1926 mei
1268 1862 1609 1946 miseret,
1705 1866 2093 2015 surggssueg
2141 1864 2431 1998 -s-epeli

396 2091 578 2158 Haec
615 2114 760 2157 cum
795 2090 1036 2175 pressis
1071 2094 1150 2155 et·
1172 2090 1495 2155 flebilibus
1534 2090 1759 2175 modiS,
1797 2092 1907 2175 qui
1943 2091 2103 2156 totis
2140 2092 2429 2160 theatris
2454 2118 2495 2160 ιε
2574 2070 2576 2075 .

399 2180 794 2245 maestitiam
831 2178 1141 2257 inferant,
1188 2178 1637 2263 concinuntur,
1684 2178 1945 2244 difficile
1983 2182 2084 2245 est
2116 2200 2255 2245 non
2300 2204 2434 2267 eos,

400 2269 510 2353 qui
554 2267 875 2333 inhumati
921 2266 1081 2349 sint,
1127 2266 1400 2333 miseros
1445 2267 1746 2333 iudicare.

1576 2388 1799 2455 Prius
1848 2391 2070 2475 quam
2114 2391 2346 2460 ferae

532 2479 1067 2562 Volucresque
1115 2514 1218 2544 —.

401 2621 660 2705 Metuit,
717 2642 801 2687 ne
855 2620 1153 2684 laceratis
1208 2618 1518 2684 membris
1566 2620 1777 2685 minus
1822 2621 1988 2686 bene
2034 2625 2289 2707 utatur,
2350 2648 2434 2690 ne
2460 2650 2505 2690 ιο

409 2709 763 2775 combustis
773 2758 791 2793 ,
845 2729 976 2774 non
1021 2707 1397 2773 extimescit.

534 2832 694 2898 Neu
765 2832 1177 2917 relliquias
1257 2831 1628 2896 semiesas
1708 2832 1933 2897 sireis
2007 2832 2430 2901 denudatis

695 2964 699 2969 -
1930 2921 2243 2986 ossibus

531 3007 673 3073 Per
708 3010 993 3072 terram
1031 3008 1243 3072 sanie
1280 3007 1667 3073 delibutas
1706 3008 1928 3073 foede
1963 3008 2425 3077 divexarier.

299 3159 396 3209 107
442 3146 596 3213 Non
648 3146 985 3232 intellego,
1040 3148 1192 3231 quid
1245 3152 1521 3233 metuat,
1576 3171 1721 3214 cum
1775 3153 1911 3215 tam
1954 3151 2163 3216 bonos
2210 3156 2423 3235 septe-
2571 3168 2575 3213 ι

398 3236 618 3301 narios
673 3234 903 3299 fundat
959 3236 1042 3300 ad
1094 3236 1346 3301 tibiam.
1434 3237 1804 3303 Tenendum
1850 3242 1949 3303 est
2006 3238 2212 3323 igitur
2254 3240 2423 3303 nihil
2449 3263 2494 3303 25

401 3322 754 3387 curandum
791 3344 931 3388 esse
968 3327 1121 3407 post
1156 3328 1451 3409 mortem,
1488 3346 1633 3390 cum
1662 3326 1855 3391 multi
1890 3326 2191 3392 inimicos
2223 3326 2421 3391 etiam

401 3412 691 3474 mortuos
737 3412 1144 3495 poeniuntur.
1244 3411 1635 3478 Exsecratur
1688 3414 2034 3479 luculentis
2082 3436 2239 3479 sane
2284 3436 2420 3479 ver·
2572 3452 2574 3536 A

404 3496 579 3561 sibus
647 3499 817 3583 apud
879 3499 1165 3564 Ennium
1220 3498 1557 3585 Thyestes,
1616 3503 1895 3586 primum
1948 3505 2021 3568 ut
2073 3503 2417 3583 naufragio
