2609 3884
633 179 770 234 LIB.
807 179 877 233 H.
935 176 1089 233 CAP.
1128 181 1373 233 23-25.
1430 181 1461 243 ἓ
1497 182 1738 232 56-61.
2069 176 2195 240 351

179 341 547 425 aspeximus
559 391 577 425 ,
611 340 778 405 nihil
817 343 942 425 est,
981 339 1168 424 quod,
1205 342 1280 405 ut
1319 361 1394 404 eo
1431 338 1778 422 potiamur,
1811 358 1947 403 non
1982 339 2199 422 parati

180 430 383 495 simus
438 432 504 493 et
556 429 724 493 ferre
781 432 847 497 et
898 428 1166 512 perpeti.
1265 427 1367 492 Ex
1418 427 1543 492 hoc
1599 448 1788 491 cursu
1843 429 2035 511 atque
2082 427 2198 490 im-

176 520 332 601 petu
394 516 758 582 animorum
815 516 897 580 ad
949 538 1171 581 veram
1227 514 1487 580 laudem
1542 517 1737 599 atque
1790 513 2199 580 honestatem

176 605 298 669 illa
351 605 639 688 pericula
694 604 1011 669 adeuntur
1064 604 1134 667 in
1187 603 1482 688 proeliis3
1540 624 1673 667 non
1727 602 2016 667 sentiunt
2074 602 2199 666 viri

121 718 152 759 5
179 693 385 758 fortes
431 693 502 757 in
545 693 684 758 acie
728 692 1024 775 volnera,
1069 692 1174 756 vel
1218 692 1534 774 sentiunt,
1581 690 1693 755 sed
1724 690 1904 755 mori
1948 690 2200 755 malunt

181 802 373 865 quam
401 783 658 845 tantum
686 780 876 845 modo
906 780 983 843 de
1021 778 1364 863 dignitatis
1393 779 1599 864 gradu
1636 777 1979 843 demoveri.
2043 777 2197 842 Ful·
2234 784 2302 834 59

178 868 390 953 gentis
437 868 688 954 gladios
733 867 1021 933 hostium
1066 867 1376 933 videbant
1419 866 1633 951 Decii,
1689 888 1833 931 cum
1883 867 1953 930 in
1996 866 2201 931 aciem

178 978 399 1021 eorum
437 957 802 1022 inruebant.
863 955 988 1021 His
1016 956 1278 1021 levabat
1306 976 1565 1021 omnem
1593 954 1927 1019 volnerum
1953 958 2199 1018 metum

175 1045 486 1109 nobilitas
523 1044 754 1111 mortis
791 1046 858 1108 et
901 1043 1130 1129 gloria.
1198 1042 1378 1109 Num
1414 1045 1555 1107 tum
1569 1042 1984 1144 ingemuisse
2030 1042 2201 1127 Epa-

95 1156 146 1197 ιο
177 1134 558 1198 minondam
591 1134 806 1217 putas,
841 1154 987 1197 cum
1022 1154 1152 1198 una
1179 1152 1327 1197 cum
1356 1130 1667 1215 sanguine
1704 1131 1906 1195 vitam
1942 1129 2200 1195 effluere

177 1219 491 1285 sentiret?
603 1220 1042 1304 Imperantem
1096 1220 1268 1284 enim
1331 1220 1611 1303 patriam
1673 1216 2199 1283 Lacedaemoniis

176 1308 610 1392 relinquebat,
667 1328 861 1392 quam
917 1310 1252 1392 acceperat
1305 1307 1707 1371 servientem.
1804 1305 1986 1372 Haec
2050 1310 2203 1371 sunt

179 1395 452 1479 solacia,
496 1395 659 1460 haec
703 1394 994 1459 fomenta
1039 1416 1441 1460 summorum
1486 1394 1797 1460 dolorum.
2218 1446 2305 1511 25

309 1481 533 1549 Dices:
587 1482 743 1567 quid
796 1483 867 1547 in
919 1504 1105 1567 pace,
1151 1482 1305 1567 quid
1351 1482 1551 1567 domi,
1608 1482 1762 1583 quid
1805 1482 1874 1547 in
1917 1481 2197 1548 lectulo?
2236 1523 2304 1572 60

87 1595 146 1637 15
178 1570 262 1637 ad
313 1570 743 1655 philosophos
797 1592 901 1636 me
955 1591 1245 1655 revocas,
1302 1570 1413 1655 qui
1460 1570 1530 1634 in
1582 1571 1785 1635 aciem
1828 1590 1967 1634 non
2009 1592 2199 1653 saepe

174 1659 514 1744 prodeunt.
619 1658 676 1724 E
743 1658 978 1743 quibus
1040 1658 1239 1724 homo
1303 1680 1461 1722 sane
1531 1658 1720 1741 levis,
1782 1656 2199 1723 Heracleotes

173 1748 564 1832 Dionysius,
611 1768 756 1812 cum
804 1769 844 1811 a
879 1746 1136 1811 Zenone
1179 1746 1371 1812 fortis
1418 1767 1557 1811 esse
1606 1708 1963 1829 didicisset,
2010 1768 2049 1809 a
2094 1746 2202 1810 do·

173 1836 314 1901 lore
378 1836 682 1901 dedoctus
747 1838 862 1901 est.
969 1833 1143 1900 Nam
1202 1856 1348 1900 cum
1404 1855 1480 1897 ex
1533 1833 1795 1898 renibus
1854 1832 2202 1917 laboraret,

174 1924 320 2007 ipso
366 1923 435 1988 in
482 1923 730 1989 eiulatu
774 1922 1158 1988 clamitabat
1199 1922 1370 1987 falsa
1416 1942 1557 1985 esse
1602 1920 1743 2005 illa,
1802 1942 1965 2006 quae
2013 1924 2203 1985 antea

87 2038 146 2078 20
176 2010 256 2075 de
314 2010 535 2076 dolore
579 2012 722 2095 ipse
768 2011 1096 2077 sensisset.
1197 2009 1403 2087 Quem
1459 2030 1602 2073 cum
1648 2007 1996 2074 Cleanthes
2054 2030 2200 2075 con-

179 2098 532 2181 discipulus
586 2101 873 2182 rogaret,
933 2120 1255 2183 quaenam
1315 2096 1485 2162 ratio
1542 2118 1687 2161 eum
1742 2097 1819 2161 de
1880 2097 2203 2161 sententia

179 2185 580 2269 deduxisset,
669 2186 1038 2270 respondit:
1129 2185 1392 2270 ‘Quia,
1475 2186 1570 2270 si,
1655 2207 1820 2251 cum
1902 2188 2202 2250 tantum

177 2272 1532 2427 ἓέιῗέἓοῖᾗἰέἒέἰῖἲίὲἓέἔἓὲἰὲῖῗὲ
1561 2272 1903 2427 differi&
1922 2276 2203 2426 ,iffi

89 2476 146 2519 25
180 2472 349 2516 esse
405 2384 766 2515 dolorpem.
861 2412 1247 2515 Plurimos
1305 2381 1588 2515 autemg
1613 2471 1849 2515 annos
1903 2450 1981 2513 in
2037 2449 2202 2534 phi-

177 2537 544 2622 losophia
599 2539 1041 2621 consumpsi
1095 2559 1232 2604 nec
1283 2537 1487 2602 ferre
1539 2560 1877 2621 possum3
1922 2537 2202 2601 malum

179 2630 302 2692 est
336 2626 586 2711 igitur
621 2624 881 2691 dolor?
946 2625 1114 2691 Tum
1143 2623 1545 2710 Cleanthem,
1583 2648 1727 2689 cum
1763 2625 1926 2708 pede
1962 2629 2203 2689 terram

179 2714 636 2800 percussisset,
679 2735 938 2779 versum
985 2736 1063 2779 ex
1108 2714 1427 2799 Epigonis
1472 2713 1693 2779 ferunt
1736 2712 2000 2778 dixisse:

269 2834 614 2903 Audssne
650 2836 863 2922 haec,
899 2837 1366 2923 Amphiarae
1406 2838 1540 2903 sub
1573 2840 1863 2901 terram
1898 2834 2203 2902 abdite?

94 3006 151 3046 so
182 2976 507 3045 Zenonem
544 2978 980 3064 significabat,
1027 3000 1066 3043 a
1113 3000 1239 3063 quo
1277 2978 1465 3043 illum
1501 2978 1886 3063 degenerare
1924 2977 2205 3043 dolebat.

179 3067 273 3131 At
315 3088 451 3132 non
492 3070 716 3133 noster
759 3066 1175 3151 Posidonius3
1222 3088 1414 3151 quem
1452 3069 1517 3131 et
1559 3066 1700 3150 ipse
1737 3086 1929 3150 saepe
1970 3065 2104 3130 vidi
2138 3068 2205 3129 et
2242 3076 2306 3126 61

179 3154 250 3222 id
307 3155 545 3239 dicam,
604 3155 775 3239 quod
834 3154 1087 3220 solebat
1144 3175 1410 3219 narrare
1467 3154 1841 3239 Pompeius,
1900 3174 1996 3237 se,
2061 3174 2205 3217 cum

180 3242 484 3308 Rhodum
538 3242 823 3308 venisset
877 3241 1188 3307 decedens
1243 3263 1322 3306 ex
1378 3240 1594 3326 Syria,
1650 3242 1869 3307 audire
1922 3240 2205 3307 voluisse

182 3330 640 3414 Posidonium3
714 3330 826 3395 sed
899 3350 1046 3394 cum
1119 3330 1407 3395 audisset
1478 3351 1625 3395 eum
1697 3330 1983 3416 graviter
2064 3349 2205 3393 esse

95 3446 152 3525 ³⁵
183 3416 1232 3573 ssssffissffiffssmzefflfflffi
1250 3418 1719 3593 ..3330sz
1741 3417 1966 3571 11ζὲἷέ
1961 3437 2003 3588 ἶ
2004 3418 2206 3586 2153ss
