<?xml version="1.0" encoding="UTF-8"?>
<!DOCTYPE html PUBLIC "-//W3C//DTD XHTML 1.0 Transitional//EN"
    "http://www.w3.org/TR/xhtml1/DTD/xhtml1-transitional.dtd">
<html xmlns="http://www.w3.org/1999/xhtml" xml:lang="en" lang="en">
 <head>
  <title>
</title>
<meta http-equiv="Content-Type" content="text/html;charset=utf-8" />
  <meta name='ocr-system' content='tesseract 3.04.00' />
  <meta name='ocr-capabilities' content='ocr_page ocr_carea ocr_par ocr_line ocrx_word'/>
</head>
<body>
  <div class='ocr_page' id='page_1' title='image "./scriptaquaemans01mlgoog_0507.png"; bbox 0 0 2609 3884; ppageno 0'>
   <div class='ocr_carea' id='block_1_1' title="bbox 617 104 2261 229">
    <p class='ocr_par' dir='ltr' id='par_1_1' title="bbox 617 104 2261 229">
     <span class='ocr_line' id='line_1_1' title="bbox 617 104 2261 229; baseline 0.007 -28"><span class='ocrx_word' id='word_1_1' title='bbox 617 104 624 111; x_wconf 38' lang='lat'>⁵</span> <span class='ocrx_word' id='word_1_2' title='bbox 711 148 847 205; x_wconf 73' lang='grc' dir='ltr'>ΗΒ.</span> <span class='ocrx_word' id='word_1_3' title='bbox 884 148 952 205; x_wconf 85' lang='lat' dir='ltr'>V.</span> <span class='ocrx_word' id='word_1_4' title='bbox 1007 146 1162 202; x_wconf 80' lang='lat' dir='ltr'>CAP.</span> <span class='ocrx_word' id='word_1_5' title='bbox 1200 154 1444 203; x_wconf 84' lang='lat'><strong>31—33.</strong></span> <span class='ocrx_word' id='word_1_6' title='bbox 1501 153 1812 229; x_wconf 32' lang='lat' dir='ltr'>§.ss-95.</span> <span class='ocrx_word' id='word_1_7' title='bbox 2131 145 2261 213; x_wconf 76' lang='lat'>457</span> 
     </span>
    </p>
   </div>
   <div class='ocr_carea' id='block_1_2' title="bbox 31 307 2382 745">
    <p class='ocr_par' dir='ltr' id='par_1_2' title="bbox 31 307 2382 745">
     <span class='ocr_line' id='line_1_2' title="bbox 246 307 2382 394; baseline 0 -21"><span class='ocrx_word' id='word_1_8' title='bbox 246 308 504 393; x_wconf 88' lang='lat' dir='ltr'>legatos</span> <span class='ocrx_word' id='word_1_9' title='bbox 544 308 626 373; x_wconf 85' lang='lat' dir='ltr'>ad</span> <span class='ocrx_word' id='word_1_10' title='bbox 662 330 888 374; x_wconf 87' lang='lat' dir='ltr'>cenam</span> <span class='ocrx_word' id='word_1_11' title='bbox 933 308 1002 372; x_wconf 89' lang='lat' dir='ltr'>in</span> <span class='ocrx_word' id='word_1_12' title='bbox 1037 307 1485 391; x_wconf 82' lang='lat' dir='ltr'>Academiam3</span> <span class='ocrx_word' id='word_1_13' title='bbox 1528 309 1611 373; x_wconf 88' lang='lat' dir='ltr'>iis</span> <span class='ocrx_word' id='word_1_14' title='bbox 1648 309 1952 393; x_wconf 89' lang='lat' dir='ltr'>apposuit</span> <span class='ocrx_word' id='word_1_15' title='bbox 1992 312 2268 394; x_wconf 86' lang='lat' dir='ltr'>tantum,</span> <span class='ocrx_word' id='word_1_16' title='bbox 2369 372 2382 385; x_wconf 79' lang='grc'>,</span> 
     </span>
     <span class='ocr_line' id='line_1_3' title="bbox 31 394 2267 481; baseline 0.002 -24"><span class='ocrx_word' id='word_1_17' title='bbox 31 414 54 457; x_wconf 78' lang='lat' dir='ltr'>ti</span> <span class='ocrx_word' id='word_1_18' title='bbox 252 395 423 481; x_wconf 89' lang='lat' dir='ltr'>quod</span> <span class='ocrx_word' id='word_1_19' title='bbox 470 396 632 461; x_wconf 87' lang='lat' dir='ltr'>satis</span> <span class='ocrx_word' id='word_1_20' title='bbox 690 400 886 480; x_wconf 88' lang='lat' dir='ltr'>esset,</span> <span class='ocrx_word' id='word_1_21' title='bbox 937 396 1120 462; x_wconf 90' lang='lat' dir='ltr'>nullo</span> <span class='ocrx_word' id='word_1_22' title='bbox 1169 400 1503 480; x_wconf 87' lang='lat' dir='ltr'>apparatu.</span> <span class='ocrx_word' id='word_1_23' title='bbox 1594 394 1757 461; x_wconf 84' lang='lat' dir='ltr'>Cum</span> <span class='ocrx_word' id='word_1_24' title='bbox 1810 396 2121 479; x_wconf 74' lang='lat' dir='ltr'>postridie</span> <span class='ocrx_word' id='word_1_25' title='bbox 2165 418 2267 462; x_wconf 89' lang='lat' dir='ltr'>ro·</span> 
     </span>
     <span class='ocr_line' id='line_1_4' title="bbox 32 482 2267 570; baseline 0 -21"><span class='ocrx_word' id='word_1_26' title='bbox 32 503 54 515; x_wconf 88' lang='lat'>··</span> <span class='ocrx_word' id='word_1_27' title='bbox 252 487 483 570; x_wconf 87' lang='lat' dir='ltr'>garent</span> <span class='ocrx_word' id='word_1_28' title='bbox 529 506 702 568; x_wconf 88' lang='lat' dir='ltr'>eum,</span> <span class='ocrx_word' id='word_1_29' title='bbox 758 485 861 549; x_wconf 91' lang='lat' dir='ltr'>cui</span> <span class='ocrx_word' id='word_1_30' title='bbox 916 485 1242 549; x_wconf 89' lang='lat' dir='ltr'>numerari</span> <span class='ocrx_word' id='word_1_31' title='bbox 1294 484 1572 563; x_wconf 89' lang='lat' dir='ltr'>iuberet,</span> <span class='ocrx_word' id='word_1_32' title='bbox 1629 482 1899 561; x_wconf 71' lang='lat' dir='ltr'>‘Quidi’</span> <span class='ocrx_word' id='word_1_33' title='bbox 1954 506 2087 549; x_wconf 85' lang='lat' dir='ltr'>vos</span> <span class='ocrx_word' id='word_1_34' title='bbox 2136 483 2267 548; x_wconf 92' lang='lat' dir='ltr'>he-</span> 
     </span>
     <span class='ocr_line' id='line_1_5' title="bbox 255 570 2269 656; baseline 0 -20"><span class='ocrx_word' id='word_1_35' title='bbox 255 574 569 647; x_wconf 81' lang='lat' dir='ltr'>sterna’,</span> <span class='ocrx_word' id='word_1_36' title='bbox 648 572 884 656; x_wconf 87' lang='lat' dir='ltr'>inquit,</span> <span class='ocrx_word' id='word_1_37' title='bbox 964 570 1266 637; x_wconf 81' lang='lat' dir='ltr'>‘cenula</span> <span class='ocrx_word' id='word_1_38' title='bbox 1336 593 1487 637; x_wconf 90' lang='lat' dir='ltr'>non</span> <span class='ocrx_word' id='word_1_39' title='bbox 1559 572 2074 637; x_wconf 71' lang='lat' dir='ltr'>intellexistis</span> <span class='ocrx_word' id='word_1_40' title='bbox 2155 593 2269 636; x_wconf 90' lang='lat' dir='ltr'>me</span> 
     </span>
     <span class='ocr_line' id='line_1_6' title="bbox 198 658 2271 745; baseline -0.001 -20"><span class='ocrx_word' id='word_1_41' title='bbox 198 659 583 743; x_wconf 73' lang='lat' dir='ltr'>specunia</span> <span class='ocrx_word' id='word_1_42' title='bbox 625 680 778 725; x_wconf 90' lang='lat' dir='ltr'>non</span> <span class='ocrx_word' id='word_1_43' title='bbox 825 658 1122 745; x_wconf 54' lang='lat' dir='ltr'>egere?</span> <span class='ocrx_word' id='word_1_44' title='bbox 1213 658 1387 735; x_wconf 85' lang='lat' dir='ltr'>Quos</span> <span class='ocrx_word' id='word_1_45' title='bbox 1433 682 1577 725; x_wconf 90' lang='lat' dir='ltr'>cum</span> <span class='ocrx_word' id='word_1_46' title='bbox 1620 660 1941 725; x_wconf 74' lang='lat' dir='ltr'>tristiores</span> <span class='ocrx_word' id='word_1_47' title='bbox 1986 659 2271 743; x_wconf 80' lang='lat' dir='ltr'>vidisset,</span> 
     </span>
    </p>
   </div>
   <div class='ocr_carea' id='block_1_3' title="bbox 31 747 2376 1011">
    <p class='ocr_par' dir='ltr' id='par_1_3' title="bbox 31 712 2376 1011">
     <span class='ocr_line' id='line_1_7' title="bbox 31 747 2271 833; baseline -0.002 -18"><span class='ocrx_word' id='word_1_48' title='bbox 31 754 56 815; x_wconf 70' lang='lat' dir='ltr'>&#39;n-</span> <span class='ocrx_word' id='word_1_49' title='bbox 251 747 522 831; x_wconf 86' lang='lat' dir='ltr'>triginta</span> <span class='ocrx_word' id='word_1_50' title='bbox 562 747 773 812; x_wconf 88' lang='lat' dir='ltr'>minas</span> <span class='ocrx_word' id='word_1_51' title='bbox 812 747 1078 831; x_wconf 90' lang='lat' dir='ltr'>accepit,</span> <span class='ocrx_word' id='word_1_52' title='bbox 1113 768 1196 812; x_wconf 88' lang='lat' dir='ltr'>ne</span> <span class='ocrx_word' id='word_1_53' title='bbox 1233 748 1569 831; x_wconf 86' lang='lat' dir='ltr'>aspernari</span> <span class='ocrx_word' id='word_1_54' title='bbox 1603 748 1777 833; x_wconf 78' lang='lat' dir='ltr'>regis</span> <span class='ocrx_word' id='word_1_55' title='bbox 1812 748 2271 813; x_wconf 78' lang='lat' dir='ltr'>liberalitatem</span> 
     </span>
     <span class='ocr_line' id='line_1_8' title="bbox 42 833 2376 921; baseline -0.002 -21"><span class='ocrx_word' id='word_1_56' title='bbox 42 838 54 901; x_wconf 78' lang='lat'>:5</span> <span class='ocrx_word' id='word_1_57' title='bbox 253 833 591 900; x_wconf 85' lang='lat' dir='ltr'>videretur.</span> <span class='ocrx_word' id='word_1_58' title='bbox 699 835 792 899; x_wconf 91' lang='lat' dir='ltr'>At</span> <span class='ocrx_word' id='word_1_59' title='bbox 852 857 1004 901; x_wconf 86' lang='lat' dir='ltr'>vero</span> <span class='ocrx_word' id='word_1_60' title='bbox 1068 833 1393 921; x_wconf 84' lang='lat' dir='ltr'>Diogenes</span> <span class='ocrx_word' id='word_1_61' title='bbox 1466 835 1759 918; x_wconf 87' lang='lat' dir='ltr'>liberius,</span> <span class='ocrx_word' id='word_1_62' title='bbox 1830 838 1905 901; x_wconf 93' lang='lat' dir='ltr'>ut</span> <span class='ocrx_word' id='word_1_63' title='bbox 1972 834 2270 919; x_wconf 83' lang='lat' dir='ltr'>Cynicus,</span> <span class='ocrx_word' id='word_1_64' title='bbox 2306 846 2376 895; x_wconf 72' lang='lat'>92</span> 
     </span>
     <span class='ocr_line' id='line_1_9' title="bbox 31 922 2271 1011; baseline -0.002 -18"><span class='ocrx_word' id='word_1_65' title='bbox 31 950 54 993; x_wconf 63' lang='lat' dir='ltr'>r</span> <span class='ocrx_word' id='word_1_66' title='bbox 253 922 621 987; x_wconf 88' lang='lat' dir='ltr'>Alexandro</span> <span class='ocrx_word' id='word_1_67' title='bbox 694 924 978 1009; x_wconf 84' lang='lat' dir='ltr'>roganti,</span> <span class='ocrx_word' id='word_1_68' title='bbox 1048 926 1124 987; x_wconf 91' lang='lat' dir='ltr'>ut</span> <span class='ocrx_word' id='word_1_69' title='bbox 1187 924 1455 1011; x_wconf 81' lang='lat' dir='ltr'>diceret,</span> <span class='ocrx_word' id='word_1_70' title='bbox 1519 922 1575 987; x_wconf 92' lang='lat' dir='ltr'>si</span> <span class='ocrx_word' id='word_1_71' title='bbox 1638 923 1791 1008; x_wconf 93' lang='lat' dir='ltr'>quid</span> <span class='ocrx_word' id='word_1_72' title='bbox 1853 944 2015 1007; x_wconf 89' lang='lat' dir='ltr'>opus</span> <span class='ocrx_word' id='word_1_73' title='bbox 2081 927 2271 1007; x_wconf 88' lang='lat' dir='ltr'>esset,</span> 
     </span>
    </p>
   </div>
   <div class='ocr_carea' id='block_1_4' title="bbox 31 1008 2463 3550">
    <p class='ocr_par' dir='ltr' id='par_1_4' title="bbox 31 1008 2270 1096">
     <span class='ocr_line' id='line_1_10' title="bbox 31 1008 2270 1096; baseline -0.001 -20"><span class='ocrx_word' id='word_1_74' title='bbox 31 1067 50 1084; x_wconf 68' lang='grc'>,,</span> <span class='ocrx_word' id='word_1_75' title='bbox 255 1008 500 1076; x_wconf 76' lang='lat' dir='ltr'>‘Nunc</span> <span class='ocrx_word' id='word_1_76' title='bbox 546 1010 846 1095; x_wconf 90' lang='lat' dir='ltr'>quidem</span> <span class='ocrx_word' id='word_1_77' title='bbox 892 1009 1350 1095; x_wconf 86' lang='lat' dir='ltr'>paululum&#39;,</span> <span class='ocrx_word' id='word_1_78' title='bbox 1407 1012 1644 1096; x_wconf 89' lang='lat' dir='ltr'>inquit,</span> <span class='ocrx_word' id='word_1_79' title='bbox 1691 1010 1763 1076; x_wconf 76' lang='lat' dir='ltr'>‘a</span> <span class='ocrx_word' id='word_1_80' title='bbox 1808 1008 2013 1076; x_wconf 69' lang='lat' dir='ltr'>sole?</span> <span class='ocrx_word' id='word_1_81' title='bbox 2104 1010 2270 1075; x_wconf 81' lang='lat' dir='ltr'>Offe-</span> 
     </span>
    </p>

    <p class='ocr_par' dir='ltr' id='par_1_5' title="bbox 31 1097 2272 1183">
     <span class='ocr_line' id='line_1_11' title="bbox 31 1097 2272 1183; baseline -0.001 -18"><span class='ocrx_word' id='word_1_82' title='bbox 31 1106 58 1173; x_wconf 59' lang='grc' dir='ltr'><strong>ᾗ</strong></span> <span class='ocrx_word' id='word_1_83' title='bbox 172 1127 228 1165; x_wconf 82' lang='grc' dir='ltr'>ιο</span> <span class='ocrx_word' id='word_1_84' title='bbox 256 1102 431 1163; x_wconf 88' lang='lat' dir='ltr'>cerat</span> <span class='ocrx_word' id='word_1_85' title='bbox 491 1097 792 1163; x_wconf 82' lang='lat' dir='ltr'>videlicet</span> <span class='ocrx_word' id='word_1_86' title='bbox 855 1099 1188 1181; x_wconf 88' lang='lat' dir='ltr'>apricanti.</span> <span class='ocrx_word' id='word_1_87' title='bbox 1300 1098 1393 1163; x_wconf 84' lang='lat' dir='ltr'>Et</span> <span class='ocrx_word' id='word_1_88' title='bbox 1452 1099 1560 1164; x_wconf 88' lang='lat' dir='ltr'>hic</span> <span class='ocrx_word' id='word_1_89' title='bbox 1622 1098 1877 1183; x_wconf 89' lang='lat' dir='ltr'>quidem</span> <span class='ocrx_word' id='word_1_90' title='bbox 1940 1098 2272 1181; x_wconf 79' lang='lat' dir='ltr'>disputare</span> 
     </span>
    </p>

    <p class='ocr_par' dir='ltr' id='par_1_6' title="bbox 32 1186 2272 1271">
     <span class='ocr_line' id='line_1_12' title="bbox 32 1186 2272 1271; baseline 0 -20"><span class='ocrx_word' id='word_1_91' title='bbox 32 1200 58 1262; x_wconf 71' lang='grc' dir='ltr'>ζ,</span> <span class='ocrx_word' id='word_1_92' title='bbox 256 1186 531 1268; x_wconf 85' lang='lat' dir='ltr'>solebat,</span> <span class='ocrx_word' id='word_1_93' title='bbox 587 1188 829 1267; x_wconf 89' lang='lat' dir='ltr'>quanto</span> <span class='ocrx_word' id='word_1_94' title='bbox 883 1206 1104 1271; x_wconf 87' lang='lat' dir='ltr'>regem</span> <span class='ocrx_word' id='word_1_95' title='bbox 1154 1187 1499 1251; x_wconf 82' lang='lat' dir='ltr'>Persarum</span> <span class='ocrx_word' id='word_1_96' title='bbox 1544 1187 1681 1251; x_wconf 85' lang='lat' dir='ltr'>vita</span> <span class='ocrx_word' id='word_1_97' title='bbox 1734 1186 2123 1270; x_wconf 85' lang='lat' dir='ltr'>fortunaque</span> <span class='ocrx_word' id='word_1_98' title='bbox 2168 1207 2272 1252; x_wconf 83' lang='lat' dir='ltr'>su-</span> 
     </span>
    </p>

    <p class='ocr_par' dir='ltr' id='par_1_7' title="bbox 32 1272 2271 1359">
     <span class='ocr_line' id='line_1_13' title="bbox 32 1272 2271 1359; baseline 0 -22"><span class='ocrx_word' id='word_1_99' title='bbox 32 1288 57 1353; x_wconf 52' lang='grc' dir='ltr'><strong>ῥ</strong></span> <span class='ocrx_word' id='word_1_100' title='bbox 253 1275 536 1357; x_wconf 81' lang='lat' dir='ltr'>peraret3</span> <span class='ocrx_word' id='word_1_101' title='bbox 573 1272 697 1337; x_wconf 90' lang='lat' dir='ltr'>sibi</span> <span class='ocrx_word' id='word_1_102' title='bbox 733 1272 900 1337; x_wconf 89' lang='lat' dir='ltr'>nihil</span> <span class='ocrx_word' id='word_1_103' title='bbox 936 1272 1187 1358; x_wconf 88' lang='lat' dir='ltr'>deesse,</span> <span class='ocrx_word' id='word_1_104' title='bbox 1231 1273 1333 1337; x_wconf 87' lang='lat' dir='ltr'>illi</span> <span class='ocrx_word' id='word_1_105' title='bbox 1366 1274 1533 1337; x_wconf 88' lang='lat' dir='ltr'>nihil</span> <span class='ocrx_word' id='word_1_106' title='bbox 1570 1274 1729 1339; x_wconf 86' lang='lat' dir='ltr'>satis</span> <span class='ocrx_word' id='word_1_107' title='bbox 1766 1296 2071 1359; x_wconf 88' lang='lat' dir='ltr'>umquam</span> <span class='ocrx_word' id='word_1_108' title='bbox 2105 1274 2271 1358; x_wconf 85' lang='lat' dir='ltr'>fore3</span> 
     </span>
    </p>

    <p class='ocr_par' dir='ltr' id='par_1_8' title="bbox 256 1358 2274 1445">
     <span class='ocr_line' id='line_1_14' title="bbox 256 1358 2274 1445; baseline -0.001 -20"><span class='ocrx_word' id='word_1_109' title='bbox 256 1381 324 1425; x_wconf 89' lang='lat' dir='ltr'>se</span> <span class='ocrx_word' id='word_1_110' title='bbox 389 1358 525 1424; x_wconf 88' lang='lat' dir='ltr'>eius</span> <span class='ocrx_word' id='word_1_111' title='bbox 577 1360 947 1443; x_wconf 82' lang='lat' dir='ltr'>voluptates</span> <span class='ocrx_word' id='word_1_112' title='bbox 1003 1382 1135 1425; x_wconf 94' lang='lat' dir='ltr'>non</span> <span class='ocrx_word' id='word_1_113' title='bbox 1194 1360 1583 1443; x_wconf 89' lang='lat' dir='ltr'>desiderare,</span> <span class='ocrx_word' id='word_1_114' title='bbox 1636 1360 1867 1443; x_wconf 90' lang='lat' dir='ltr'>quibus</span> <span class='ocrx_word' id='word_1_115' title='bbox 1922 1382 2274 1445; x_wconf 83' lang='lat' dir='ltr'>numquam</span> 
     </span>
    </p>

    <p class='ocr_par' dir='ltr' id='par_1_9' title="bbox 32 1440 2355 1532">
     <span class='ocr_line' id='line_1_15' title="bbox 32 1440 2355 1532; baseline -0.001 -19"><span class='ocrx_word' id='word_1_116' title='bbox 32 1517 59 1531; x_wconf 35' lang='grc' dir='ltr'><em>θ</em></span> <span class='ocrx_word' id='word_1_117' title='bbox 258 1446 484 1513; x_wconf 88' lang='lat' dir='ltr'>satiari</span> <span class='ocrx_word' id='word_1_118' title='bbox 511 1440 622 1511; x_wconf 91' lang='lat' dir='ltr'>ille</span> <span class='ocrx_word' id='word_1_119' title='bbox 649 1450 890 1531; x_wconf 88' lang='lat' dir='ltr'>posset,</span> <span class='ocrx_word' id='word_1_120' title='bbox 926 1469 1075 1512; x_wconf 87' lang='lat' dir='ltr'>suas</span> <span class='ocrx_word' id='word_1_121' title='bbox 1113 1470 1260 1512; x_wconf 90' lang='lat' dir='ltr'>eum</span> <span class='ocrx_word' id='word_1_122' title='bbox 1288 1448 1589 1532; x_wconf 86' lang='lat' dir='ltr'>consequi</span> <span class='ocrx_word' id='word_1_123' title='bbox 1624 1448 1805 1513; x_wconf 92' lang='lat' dir='ltr'>nullo</span> <span class='ocrx_word' id='word_1_124' title='bbox 1833 1447 2024 1513; x_wconf 93' lang='lat' dir='ltr'>modo</span> <span class='ocrx_word' id='word_1_125' title='bbox 2065 1468 2272 1530; x_wconf 90' lang='lat' dir='ltr'>posse.</span> <span class='ocrx_word' id='word_1_126' title='bbox 2340 1505 2355 1527; x_wconf 73' lang='grc'><em>,</em></span> 
     </span>
    </p>

    <p class='ocr_par' dir='ltr' id='par_1_10' title="bbox 57 1503 2463 1706">
     <span class='ocr_line' id='line_1_16' title="bbox 173 1503 2463 1632; baseline -0.002 -30"><span class='ocrx_word' id='word_1_127' title='bbox 173 1562 228 1602; x_wconf 82' lang='lat'>15</span> <span class='ocrx_word' id='word_1_128' title='bbox 389 1534 618 1617; x_wconf 87' lang='lat' dir='ltr'>Vides,</span> <span class='ocrx_word' id='word_1_129' title='bbox 663 1534 882 1620; x_wconf 89' lang='lat' dir='ltr'>credo,</span> <span class='ocrx_word' id='word_1_130' title='bbox 935 1538 1009 1600; x_wconf 92' lang='lat' dir='ltr'>ut</span> <span class='ocrx_word' id='word_1_131' title='bbox 1051 1535 1369 1619; x_wconf 85' lang='lat' dir='ltr'>Epicurus</span> <span class='ocrx_word' id='word_1_132' title='bbox 1417 1536 1841 1618; x_wconf 82' lang='lat' dir='ltr'>cupiditatum</span> <span class='ocrx_word' id='word_1_133' title='bbox 1896 1556 2135 1621; x_wconf 88' lang='lat' dir='ltr'>genera</span> <span class='ocrx_word' id='word_1_134' title='bbox 2179 1534 2272 1599; x_wconf 89' lang='lat' dir='ltr'>di·</span> <span class='ocrx_word' id='word_1_135' title='bbox 2292 1503 2381 1632; x_wconf 50' lang='grc' dir='ltr'>ἓξ</span> <span class='ocrx_word' id='word_1_136' title='bbox 2452 1530 2463 1543; x_wconf 84' lang='grc'><em>“</em></span> 
     </span>
     <span class='ocr_line' id='line_1_17' title="bbox 57 1621 2274 1706; baseline -0 -18"><span class='ocrx_word' id='word_1_137' title='bbox 57 1638 59 1641; x_wconf 54' lang='lat'><em>⁴</em></span> <span class='ocrx_word' id='word_1_138' title='bbox 255 1622 509 1705; x_wconf 81' lang='lat' dir='ltr'>viserit,</span> <span class='ocrx_word' id='word_1_139' title='bbox 561 1644 695 1688; x_wconf 91' lang='lat' dir='ltr'>non</span> <span class='ocrx_word' id='word_1_140' title='bbox 746 1622 940 1687; x_wconf 89' lang='lat' dir='ltr'>nimis</span> <span class='ocrx_word' id='word_1_141' title='bbox 995 1621 1272 1688; x_wconf 83' lang='lat' dir='ltr'>fortasse</span> <span class='ocrx_word' id='word_1_142' title='bbox 1329 1623 1679 1706; x_wconf 85' lang='lat' dir='ltr'>subtiliter,</span> <span class='ocrx_word' id='word_1_143' title='bbox 1732 1622 1980 1688; x_wconf 84' lang='lat' dir='ltr'>utiliter</span> <span class='ocrx_word' id='word_1_144' title='bbox 2035 1625 2274 1706; x_wconf 83' lang='lat' dir='ltr'>tamen,</span> 
     </span>
    </p>

    <p class='ocr_par' dir='ltr' id='par_1_11' title="bbox 31 1710 2287 1795">
     <span class='ocr_line' id='line_1_18' title="bbox 31 1710 2287 1795; baseline 0 -20"><span class='ocrx_word' id='word_1_145' title='bbox 31 1750 65 1795; x_wconf 57' lang='lat' dir='ltr'>ve:</span> <span class='ocrx_word' id='word_1_146' title='bbox 256 1710 500 1795; x_wconf 88' lang='lat' dir='ltr'>partim</span> <span class='ocrx_word' id='word_1_147' title='bbox 536 1730 677 1775; x_wconf 88' lang='lat' dir='ltr'>esse</span> <span class='ocrx_word' id='word_1_148' title='bbox 710 1710 1043 1777; x_wconf 81' lang='lat' dir='ltr'>naturales</span> <span class='ocrx_word' id='word_1_149' title='bbox 1092 1713 1158 1775; x_wconf 90' lang='lat' dir='ltr'>et</span> <span class='ocrx_word' id='word_1_150' title='bbox 1189 1711 1614 1794; x_wconf 86' lang='lat' dir='ltr'>necessarias,</span> <span class='ocrx_word' id='word_1_151' title='bbox 1658 1711 1897 1794; x_wconf 85' lang='lat' dir='ltr'>partim</span> <span class='ocrx_word' id='word_1_152' title='bbox 1942 1711 2287 1776; x_wconf 88' lang='lat' dir='ltr'>naturales·</span> 
     </span>
    </p>

    <p class='ocr_par' dir='ltr' id='par_1_12' title="bbox 32 1798 2275 1971">
     <span class='ocr_line' id='line_1_19' title="bbox 32 1798 2275 1883; baseline -0 -20"><span class='ocrx_word' id='word_1_153' title='bbox 32 1816 34 1821; x_wconf 74' lang='grc'>’</span> <span class='ocrx_word' id='word_1_154' title='bbox 258 1802 324 1863; x_wconf 88' lang='lat' dir='ltr'>et</span> <span class='ocrx_word' id='word_1_155' title='bbox 355 1819 490 1864; x_wconf 91' lang='lat' dir='ltr'>non</span> <span class='ocrx_word' id='word_1_156' title='bbox 523 1798 936 1881; x_wconf 84' lang='lat' dir='ltr'>necessarias&#39;,</span> <span class='ocrx_word' id='word_1_157' title='bbox 971 1798 1214 1883; x_wconf 87' lang='lat' dir='ltr'>partim</span> <span class='ocrx_word' id='word_1_158' title='bbox 1248 1802 1577 1883; x_wconf 84' lang='lat' dir='ltr'>neutrum3</span> <span class='ocrx_word' id='word_1_159' title='bbox 1614 1798 2009 1863; x_wconf 86' lang='lat' dir='ltr'>necessarias</span> <span class='ocrx_word' id='word_1_160' title='bbox 2048 1798 2275 1862; x_wconf 88' lang='lat' dir='ltr'>satiari</span> 
     </span>
     <span class='ocr_line' id='line_1_20' title="bbox 255 1886 2273 1971; baseline -0.001 -19"><span class='ocrx_word' id='word_1_161' title='bbox 255 1908 445 1971; x_wconf 90' lang='lat' dir='ltr'>posse</span> <span class='ocrx_word' id='word_1_162' title='bbox 498 1906 701 1970; x_wconf 88' lang='lat' dir='ltr'>paene</span> <span class='ocrx_word' id='word_1_163' title='bbox 749 1886 989 1970; x_wconf 85' lang='lat' dir='ltr'>nihilo;</span> <span class='ocrx_word' id='word_1_164' title='bbox 1043 1886 1304 1952; x_wconf 84' lang='lat' dir='ltr'>divitias</span> <span class='ocrx_word' id='word_1_165' title='bbox 1352 1886 1522 1950; x_wconf 90' lang='lat' dir='ltr'>enim</span> <span class='ocrx_word' id='word_1_166' title='bbox 1574 1889 1847 1950; x_wconf 88' lang='lat' dir='ltr'>naturae</span> <span class='ocrx_word' id='word_1_167' title='bbox 1904 1906 2042 1951; x_wconf 88' lang='lat' dir='ltr'>esse</span> <span class='ocrx_word' id='word_1_168' title='bbox 2087 1907 2273 1969; x_wconf 87' lang='lat' dir='ltr'>para-</span> 
     </span>
    </p>

    <p class='ocr_par' dir='ltr' id='par_1_13' title="bbox 173 1972 2274 2059">
     <span class='ocr_line' id='line_1_21' title="bbox 173 1972 2274 2059; baseline -0.001 -17"><span class='ocrx_word' id='word_1_169' title='bbox 173 2002 229 2042; x_wconf 77' lang='lat'>20</span> <span class='ocrx_word' id='word_1_170' title='bbox 256 1975 448 2058; x_wconf 83' lang='lat' dir='ltr'>biles3</span> <span class='ocrx_word' id='word_1_171' title='bbox 495 1973 844 2039; x_wconf 89' lang='lat' dir='ltr'>secundum</span> <span class='ocrx_word' id='word_1_172' title='bbox 890 1977 1104 2039; x_wconf 89' lang='lat' dir='ltr'>autem</span> <span class='ocrx_word' id='word_1_173' title='bbox 1150 1994 1354 2059; x_wconf 91' lang='lat' dir='ltr'>genus</span> <span class='ocrx_word' id='word_1_174' title='bbox 1401 1972 1828 2057; x_wconf 84' lang='lat' dir='ltr'>cupiditatum</span> <span class='ocrx_word' id='word_1_175' title='bbox 1872 1994 1993 2038; x_wconf 90' lang='lat' dir='ltr'>nec</span> <span class='ocrx_word' id='word_1_176' title='bbox 2038 1973 2118 2038; x_wconf 88' lang='lat' dir='ltr'>ad</span> <span class='ocrx_word' id='word_1_177' title='bbox 2162 1995 2274 2057; x_wconf 91' lang='lat' dir='ltr'>po·</span> 
     </span>
    </p>

    <p class='ocr_par' dir='ltr' id='par_1_14' title="bbox 166 2058 2379 2408">
     <span class='ocr_line' id='line_1_22' title="bbox 166 2058 2274 2147; baseline 0 -22"><span class='ocrx_word' id='word_1_178' title='bbox 166 2142 174 2147; x_wconf 39' lang='grc'><strong>-</strong></span> <span class='ocrx_word' id='word_1_179' title='bbox 257 2060 548 2126; x_wconf 87' lang='lat' dir='ltr'>tiendum</span> <span class='ocrx_word' id='word_1_180' title='bbox 605 2060 864 2124; x_wconf 90' lang='lat' dir='ltr'>difficile</span> <span class='ocrx_word' id='word_1_181' title='bbox 919 2082 1058 2126; x_wconf 90' lang='lat' dir='ltr'>esse</span> <span class='ocrx_word' id='word_1_182' title='bbox 1113 2066 1331 2127; x_wconf 90' lang='lat' dir='ltr'>censet</span> <span class='ocrx_word' id='word_1_183' title='bbox 1382 2082 1503 2127; x_wconf 89' lang='lat' dir='ltr'>nec</span> <span class='ocrx_word' id='word_1_184' title='bbox 1556 2083 1710 2127; x_wconf 86' lang='lat' dir='ltr'>vero</span> <span class='ocrx_word' id='word_1_185' title='bbox 1781 2060 1863 2125; x_wconf 88' lang='lat' dir='ltr'>ad</span> <span class='ocrx_word' id='word_1_186' title='bbox 1900 2058 2274 2139; x_wconf 83' lang='lat' dir='ltr'>carendum3</span> 
     </span>
     <span class='ocr_line' id='line_1_23' title="bbox 257 2147 2276 2234; baseline -0 -21"><span class='ocrx_word' id='word_1_187' title='bbox 257 2148 514 2231; x_wconf 85' lang='lat' dir='ltr'>tertias,</span> <span class='ocrx_word' id='word_1_188' title='bbox 569 2147 742 2232; x_wconf 90' lang='lat' dir='ltr'>quod</span> <span class='ocrx_word' id='word_1_189' title='bbox 788 2151 1005 2213; x_wconf 88' lang='lat' dir='ltr'>essent</span> <span class='ocrx_word' id='word_1_190' title='bbox 1055 2150 1248 2234; x_wconf 83' lang='lat' dir='ltr'>plane</span> <span class='ocrx_word' id='word_1_191' title='bbox 1301 2149 1528 2214; x_wconf 88' lang='lat' dir='ltr'>inanes</span> <span class='ocrx_word' id='word_1_192' title='bbox 1570 2169 1775 2233; x_wconf 89' lang='lat' dir='ltr'>neque</span> <span class='ocrx_word' id='word_1_193' title='bbox 1820 2150 2276 2214; x_wconf 88' lang='lat' dir='ltr'>necessitatem</span> 
     </span>
     <span class='ocr_line' id='line_1_24' title="bbox 259 2234 2275 2329; baseline 0 -28"><span class='ocrx_word' id='word_1_194' title='bbox 259 2236 454 2302; x_wconf 90' lang='lat' dir='ltr'>modo</span> <span class='ocrx_word' id='word_1_195' title='bbox 455 2284 480 2329; x_wconf 86' lang='lat'>,</span> <span class='ocrx_word' id='word_1_196' title='bbox 535 2234 648 2300; x_wconf 88' lang='lat' dir='ltr'>sed</span> <span class='ocrx_word' id='word_1_197' title='bbox 699 2256 780 2299; x_wconf 92' lang='lat' dir='ltr'>ne</span> <span class='ocrx_word' id='word_1_198' title='bbox 834 2240 1133 2302; x_wconf 87' lang='lat' dir='ltr'>naturam</span> <span class='ocrx_word' id='word_1_199' title='bbox 1190 2237 1449 2321; x_wconf 91' lang='lat' dir='ltr'>quidem</span> <span class='ocrx_word' id='word_1_200' title='bbox 1504 2236 1923 2322; x_wconf 83' lang='lat' dir='ltr'>attingerent,</span> <span class='ocrx_word' id='word_1_201' title='bbox 1986 2236 2275 2301; x_wconf 84' lang='lat' dir='ltr'>funditus</span> 
     </span>
     <span class='ocr_line' id='line_1_25' title="bbox 261 2323 2379 2408; baseline -0.002 -20"><span class='ocrx_word' id='word_1_202' title='bbox 261 2323 575 2389; x_wconf 86' lang='lat' dir='ltr'>eiciendas</span> <span class='ocrx_word' id='word_1_203' title='bbox 628 2323 904 2407; x_wconf 81' lang='lat' dir='ltr'>putavit.</span> <span class='ocrx_word' id='word_1_204' title='bbox 991 2323 1134 2389; x_wconf 92' lang='lat' dir='ltr'>Hoc</span> <span class='ocrx_word' id='word_1_205' title='bbox 1185 2325 1328 2390; x_wconf 88' lang='lat' dir='ltr'>loco</span> <span class='ocrx_word' id='word_1_206' title='bbox 1391 2325 1597 2389; x_wconf 91' lang='lat' dir='ltr'>multa</span> <span class='ocrx_word' id='word_1_207' title='bbox 1642 2326 1725 2389; x_wconf 88' lang='lat' dir='ltr'>ab</span> <span class='ocrx_word' id='word_1_208' title='bbox 1750 2324 2107 2408; x_wconf 79' lang='lat' dir='ltr'>‚Epicureis</span> <span class='ocrx_word' id='word_1_209' title='bbox 2154 2323 2277 2389; x_wconf 87' lang='lat' dir='ltr'>dis·</span> <span class='ocrx_word' id='word_1_210' title='bbox 2314 2334 2379 2383; x_wconf 80' lang='lat'>94</span> 
     </span>
    </p>

    <p class='ocr_par' dir='ltr' id='par_1_15' title="bbox 178 2412 2279 2671">
     <span class='ocr_line' id='line_1_26' title="bbox 178 2412 2277 2499; baseline -0.002 -20"><span class='ocrx_word' id='word_1_211' title='bbox 178 2437 234 2479; x_wconf 70' lang='grc' dir='ltr'>π</span> <span class='ocrx_word' id='word_1_212' title='bbox 260 2414 601 2495; x_wconf 89' lang='lat' dir='ltr'>putantur,</span> <span class='ocrx_word' id='word_1_213' title='bbox 665 2431 903 2496; x_wconf 89' lang='lat' dir='ltr'>eaeque</span> <span class='ocrx_word' id='word_1_214' title='bbox 956 2412 1324 2495; x_wconf 81' lang='lat' dir='ltr'>voluptates</span> <span class='ocrx_word' id='word_1_215' title='bbox 1380 2413 1762 2499; x_wconf 86' lang='lat' dir='ltr'>singillatim</span> <span class='ocrx_word' id='word_1_216' title='bbox 1826 2415 2277 2494; x_wconf 84' lang='lat' dir='ltr'>extenuantur3</span> 
     </span>
     <span class='ocr_line' id='line_1_27' title="bbox 261 2502 2279 2584; baseline -0 -20"><span class='ocrx_word' id='word_1_217' title='bbox 261 2520 531 2584; x_wconf 87' lang='lat' dir='ltr'>quarum</span> <span class='ocrx_word' id='word_1_218' title='bbox 617 2518 856 2584; x_wconf 88' lang='lat' dir='ltr'>genera</span> <span class='ocrx_word' id='word_1_219' title='bbox 924 2520 1058 2563; x_wconf 91' lang='lat' dir='ltr'>non</span> <span class='ocrx_word' id='word_1_220' title='bbox 1131 2502 1579 2579; x_wconf 88' lang='lat' dir='ltr'>contemnunt,</span> <span class='ocrx_word' id='word_1_221' title='bbox 1660 2502 1979 2583; x_wconf 89' lang='lat' dir='ltr'>quaerunt</span> <span class='ocrx_word' id='word_1_222' title='bbox 2057 2502 2279 2563; x_wconf 87' lang='lat' dir='ltr'>tamen</span> 
     </span>
     <span class='ocr_line' id='line_1_28' title="bbox 262 2585 2278 2671; baseline -0.002 -18"><span class='ocrx_word' id='word_1_223' title='bbox 262 2587 532 2671; x_wconf 88' lang='lat' dir='ltr'>copiam.</span> <span class='ocrx_word' id='word_1_224' title='bbox 646 2585 819 2652; x_wconf 88' lang='lat' dir='ltr'>Nam</span> <span class='ocrx_word' id='word_1_225' title='bbox 891 2588 958 2651; x_wconf 90' lang='lat' dir='ltr'>et</span> <span class='ocrx_word' id='word_1_226' title='bbox 1029 2585 1339 2651; x_wconf 75' lang='lat' dir='ltr'>obscenas</span> <span class='ocrx_word' id='word_1_227' title='bbox 1411 2587 1808 2671; x_wconf 84' lang='lat' dir='ltr'>voluptates,</span> <span class='ocrx_word' id='word_1_228' title='bbox 1888 2585 1967 2650; x_wconf 93' lang='lat' dir='ltr'>de</span> <span class='ocrx_word' id='word_1_229' title='bbox 2048 2586 2278 2671; x_wconf 91' lang='lat' dir='ltr'>quibus</span> 
     </span>
    </p>

    <p class='ocr_par' dir='ltr' id='par_1_16' title="bbox 35 2672 2281 2777">
     <span class='ocr_line' id='line_1_29' title="bbox 35 2672 2281 2777; baseline -0.001 -37"><span class='ocrx_word' id='word_1_230' title='bbox 35 2713 55 2777; x_wconf 51' lang='lat' dir='ltr'>q</span> <span class='ocrx_word' id='word_1_231' title='bbox 260 2676 468 2740; x_wconf 85' lang='lat' dir='ltr'>multa</span> <span class='ocrx_word' id='word_1_232' title='bbox 521 2674 604 2739; x_wconf 83' lang='lat' dir='ltr'>ab</span> <span class='ocrx_word' id='word_1_233' title='bbox 657 2673 790 2739; x_wconf 92' lang='lat' dir='ltr'>illis</span> <span class='ocrx_word' id='word_1_234' title='bbox 844 2673 1123 2739; x_wconf 89' lang='lat' dir='ltr'>habetur</span> <span class='ocrx_word' id='word_1_235' title='bbox 1178 2674 1415 2758; x_wconf 87' lang='lat' dir='ltr'>oratio,</span> <span class='ocrx_word' id='word_1_236' title='bbox 1466 2674 1709 2759; x_wconf 79' lang='lat' dir='ltr'>facilis,</span> <span class='ocrx_word' id='word_1_237' title='bbox 1769 2674 2154 2757; x_wconf 88' lang='lat' dir='ltr'>communis,</span> <span class='ocrx_word' id='word_1_238' title='bbox 2210 2672 2281 2738; x_wconf 90' lang='lat' dir='ltr'>in</span> 
     </span>
    </p>

    <p class='ocr_par' dir='ltr' id='par_1_17' title="bbox 43 2760 2280 2846">
     <span class='ocr_line' id='line_1_30' title="bbox 43 2760 2280 2846; baseline 0 -20"><span class='ocrx_word' id='word_1_239' title='bbox 43 2830 51 2845; x_wconf 37' lang='lat'>⁴</span> <span class='ocrx_word' id='word_1_240' title='bbox 263 2762 476 2827; x_wconf 90' lang='lat' dir='ltr'>medio</span> <span class='ocrx_word' id='word_1_241' title='bbox 540 2760 702 2827; x_wconf 90' lang='lat' dir='ltr'>sitas</span> <span class='ocrx_word' id='word_1_242' title='bbox 766 2783 902 2827; x_wconf 90' lang='lat' dir='ltr'>esse</span> <span class='ocrx_word' id='word_1_243' title='bbox 965 2760 1213 2846; x_wconf 90' lang='lat' dir='ltr'>dicunt,</span> <span class='ocrx_word' id='word_1_244' title='bbox 1275 2783 1510 2845; x_wconf 89' lang='lat' dir='ltr'>easque</span> <span class='ocrx_word' id='word_1_245' title='bbox 1566 2761 1623 2827; x_wconf 91' lang='lat' dir='ltr'>si</span> <span class='ocrx_word' id='word_1_246' title='bbox 1674 2764 1909 2826; x_wconf 87' lang='lat' dir='ltr'>natura</span> <span class='ocrx_word' id='word_1_247' title='bbox 1976 2761 2280 2845; x_wconf 87' lang='lat' dir='ltr'>requirat,</span> 
     </span>
    </p>

    <p class='ocr_par' dir='ltr' id='par_1_18' title="bbox 42 2842 2387 3285">
     <span class='ocr_line' id='line_1_31' title="bbox 42 2842 2283 2936; baseline -0.003 -16"><span class='ocrx_word' id='word_1_248' title='bbox 42 2842 74 2919; x_wconf 56' lang='lat' dir='ltr'>*j</span> <span class='ocrx_word' id='word_1_249' title='bbox 179 2877 234 2919; x_wconf 75' lang='lat' dir='ltr'>so</span> <span class='ocrx_word' id='word_1_250' title='bbox 262 2872 396 2916; x_wconf 87' lang='lat' dir='ltr'>non</span> <span class='ocrx_word' id='word_1_251' title='bbox 449 2870 682 2936; x_wconf 88' lang='lat' dir='ltr'>genere</span> <span class='ocrx_word' id='word_1_252' title='bbox 738 2852 853 2914; x_wconf 89' lang='lat' dir='ltr'>aut</span> <span class='ocrx_word' id='word_1_253' title='bbox 905 2848 1048 2915; x_wconf 93' lang='lat' dir='ltr'>loco</span> <span class='ocrx_word' id='word_1_254' title='bbox 1106 2854 1220 2916; x_wconf 79' lang='lat' dir='ltr'>aut</span> <span class='ocrx_word' id='word_1_255' title='bbox 1273 2849 1529 2933; x_wconf 90' lang='lat' dir='ltr'>ordine,</span> <span class='ocrx_word' id='word_1_256' title='bbox 1587 2848 1697 2914; x_wconf 90' lang='lat' dir='ltr'>sed</span> <span class='ocrx_word' id='word_1_257' title='bbox 1751 2848 1987 2932; x_wconf 77' lang='lat' dir='ltr'>forma,</span> <span class='ocrx_word' id='word_1_258' title='bbox 2052 2852 2283 2933; x_wconf 87' lang='lat' dir='ltr'>aetate,</span> 
     </span>
     <span class='ocr_line' id='line_1_32' title="bbox 262 2936 2323 3025; baseline -0.001 -23"><span class='ocrx_word' id='word_1_259' title='bbox 262 2939 474 3025; x_wconf 89' lang='lat' dir='ltr'>figura</span> <span class='ocrx_word' id='word_1_260' title='bbox 525 2936 883 3002; x_wconf 86' lang='lat' dir='ltr'>metiendas</span> <span class='ocrx_word' id='word_1_261' title='bbox 937 2939 1199 3020; x_wconf 87' lang='lat' dir='ltr'>putant,</span> <span class='ocrx_word' id='word_1_262' title='bbox 1255 2937 1338 3001; x_wconf 88' lang='lat' dir='ltr'>ab</span> <span class='ocrx_word' id='word_1_263' title='bbox 1394 2937 1600 3022; x_wconf 90' lang='lat' dir='ltr'>iisque</span> <span class='ocrx_word' id='word_1_264' title='bbox 1652 2936 1972 3001; x_wconf 86' lang='lat' dir='ltr'>abstinere</span> <span class='ocrx_word' id='word_1_265' title='bbox 2017 2937 2323 3001; x_wconf 80' lang='lat' dir='ltr'>minime&#39;</span> 
     </span>
     <span class='ocr_line' id='line_1_33' title="bbox 264 3023 2283 3110; baseline -0.001 -21"><span class='ocrx_word' id='word_1_266' title='bbox 264 3046 403 3092; x_wconf 86' lang='lat' dir='ltr'>esse</span> <span class='ocrx_word' id='word_1_267' title='bbox 458 3025 749 3110; x_wconf 83' lang='lat' dir='ltr'>difficile,</span> <span class='ocrx_word' id='word_1_268' title='bbox 804 3025 863 3089; x_wconf 91' lang='lat' dir='ltr'>si</span> <span class='ocrx_word' id='word_1_269' title='bbox 918 3028 1030 3090; x_wconf 88' lang='lat' dir='ltr'>aut</span> <span class='ocrx_word' id='word_1_270' title='bbox 1083 3024 1386 3089; x_wconf 66' lang='lat' dir='ltr'>valetudo</span> <span class='ocrx_word' id='word_1_271' title='bbox 1444 3027 1556 3089; x_wconf 89' lang='lat' dir='ltr'>aut</span> <span class='ocrx_word' id='word_1_272' title='bbox 1609 3023 1895 3089; x_wconf 86' lang='lat' dir='ltr'>officium</span> <span class='ocrx_word' id='word_1_273' title='bbox 1940 3027 2055 3089; x_wconf 90' lang='lat' dir='ltr'>aut</span> <span class='ocrx_word' id='word_1_274' title='bbox 2104 3024 2283 3087; x_wconf 88' lang='lat' dir='ltr'>fama</span> 
     </span>
     <span class='ocr_line' id='line_1_34' title="bbox 261 3110 2281 3198; baseline -0.001 -21"><span class='ocrx_word' id='word_1_275' title='bbox 261 3114 574 3197; x_wconf 86' lang='lat' dir='ltr'>postulet,</span> <span class='ocrx_word' id='word_1_276' title='bbox 629 3113 1016 3197; x_wconf 90' lang='lat' dir='ltr'>omninoque</span> <span class='ocrx_word' id='word_1_277' title='bbox 1071 3134 1275 3198; x_wconf 87' lang='lat' dir='ltr'>genus</span> <span class='ocrx_word' id='word_1_278' title='bbox 1339 3111 1463 3179; x_wconf 86' lang='lat' dir='ltr'>hoc</span> <span class='ocrx_word' id='word_1_279' title='bbox 1524 3112 1932 3196; x_wconf 86' lang='lat' dir='ltr'>voluptatum</span> <span class='ocrx_word' id='word_1_280' title='bbox 1995 3110 2281 3195; x_wconf 89' lang='lat' dir='ltr'>optabile</span> 
     </span>
     <span class='ocr_line' id='line_1_35' title="bbox 264 3198 2387 3285; baseline -0.002 -20"><span class='ocrx_word' id='word_1_281' title='bbox 264 3221 430 3284; x_wconf 87' lang='lat' dir='ltr'>esse,</span> <span class='ocrx_word' id='word_1_282' title='bbox 477 3201 534 3265; x_wconf 90' lang='lat' dir='ltr'>si</span> <span class='ocrx_word' id='word_1_283' title='bbox 566 3222 699 3265; x_wconf 88' lang='lat' dir='ltr'>non</span> <span class='ocrx_word' id='word_1_284' title='bbox 736 3201 937 3285; x_wconf 89' lang='lat' dir='ltr'>obsit,</span> <span class='ocrx_word' id='word_1_285' title='bbox 980 3200 1289 3283; x_wconf 88' lang='lat' dir='ltr'>prodesse</span> <span class='ocrx_word' id='word_1_286' title='bbox 1326 3222 1695 3285; x_wconf 89' lang='lat' dir='ltr'>numquam.</span> <span class='ocrx_word' id='word_1_287' title='bbox 1766 3200 2124 3283; x_wconf 86' lang='lat' dir='ltr'>Totumque</span> <span class='ocrx_word' id='word_1_288' title='bbox 2158 3198 2284 3263; x_wconf 89' lang='lat' dir='ltr'>hoc</span> <span class='ocrx_word' id='word_1_289' title='bbox 2318 3209 2387 3259; x_wconf 80' lang='grc'>95</span> 
     </span>
    </p>

    <p class='ocr_par' dir='ltr' id='par_1_19' title="bbox 183 3286 2285 3461">
     <span class='ocr_line' id='line_1_36' title="bbox 183 3286 2285 3373; baseline -0.002 -18"><span class='ocrx_word' id='word_1_290' title='bbox 183 3316 234 3355; x_wconf 72' lang='lat' dir='ltr'>ss</span> <span class='ocrx_word' id='word_1_291' title='bbox 266 3287 344 3353; x_wconf 89' lang='lat' dir='ltr'>de</span> <span class='ocrx_word' id='word_1_292' title='bbox 397 3288 732 3372; x_wconf 84' lang='lat' dir='ltr'>voluptate</span> <span class='ocrx_word' id='word_1_293' title='bbox 789 3288 883 3353; x_wconf 90' lang='lat' dir='ltr'>sic</span> <span class='ocrx_word' id='word_1_294' title='bbox 935 3288 1046 3353; x_wconf 88' lang='lat' dir='ltr'>ille</span> <span class='ocrx_word' id='word_1_295' title='bbox 1102 3287 1443 3373; x_wconf 78' lang='lat' dir='ltr'>praecipit,</span> <span class='ocrx_word' id='word_1_296' title='bbox 1495 3292 1570 3353; x_wconf 93' lang='lat' dir='ltr'>ut</span> <span class='ocrx_word' id='word_1_297' title='bbox 1612 3288 2016 3371; x_wconf 73' lang='lat' dir='ltr'>voluptatem</span> <span class='ocrx_word' id='word_1_298' title='bbox 2072 3286 2285 3369; x_wconf 89' lang='lat' dir='ltr'>ipsam</span> 
     </span>
     <span class='ocr_line' id='line_1_37' title="bbox 262 3373 2285 3461; baseline -0.001 -20"><span class='ocrx_word' id='word_1_299' title='bbox 262 3398 381 3461; x_wconf 89' lang='lat' dir='ltr'>per</span> <span class='ocrx_word' id='word_1_300' title='bbox 445 3398 542 3461; x_wconf 89' lang='lat' dir='ltr'>se,</span> <span class='ocrx_word' id='word_1_301' title='bbox 605 3377 760 3460; x_wconf 89' lang='lat' dir='ltr'>quia</span> <span class='ocrx_word' id='word_1_302' title='bbox 820 3376 1120 3460; x_wconf 82' lang='lat' dir='ltr'>voluptas</span> <span class='ocrx_word' id='word_1_303' title='bbox 1177 3377 1291 3461; x_wconf 86' lang='lat' dir='ltr'>sit,</span> <span class='ocrx_word' id='word_1_304' title='bbox 1358 3398 1610 3461; x_wconf 90' lang='lat' dir='ltr'>semper</span> <span class='ocrx_word' id='word_1_305' title='bbox 1663 3373 2012 3459; x_wconf 88' lang='lat' dir='ltr'>optandam</span> <span class='ocrx_word' id='word_1_306' title='bbox 2065 3379 2126 3439; x_wconf 79' lang='lat' dir='ltr'>et</span> <span class='ocrx_word' id='word_1_307' title='bbox 2181 3396 2285 3439; x_wconf 84' lang='lat' dir='ltr'>ex·</span> 
     </span>
    </p>

    <p class='ocr_par' dir='ltr' id='par_1_20' title="bbox 31 3452 2286 3550">
     <span class='ocr_line' id='line_1_38' title="bbox 31 3452 2286 3550; baseline -0.002 -20"><span class='ocrx_word' id='word_1_308' title='bbox 31 3452 70 3512; x_wconf 48' lang='grc' dir='ltr'>Ψ</span> <span class='ocrx_word' id='word_1_309' title='bbox 262 3464 608 3549; x_wconf 89' lang='lat' dir='ltr'>petendam</span> <span class='ocrx_word' id='word_1_310' title='bbox 672 3466 884 3549; x_wconf 85' lang='lat' dir='ltr'>putet,</span> <span class='ocrx_word' id='word_1_311' title='bbox 961 3464 1311 3550; x_wconf 87' lang='lat' dir='ltr'>eademque</span> <span class='ocrx_word' id='word_1_312' title='bbox 1378 3466 1630 3529; x_wconf 86' lang='lat' dir='ltr'>ratione</span> <span class='ocrx_word' id='word_1_313' title='bbox 1703 3463 1990 3528; x_wconf 90' lang='lat' dir='ltr'>dolorem</span> <span class='ocrx_word' id='word_1_314' title='bbox 2062 3462 2145 3526; x_wconf 92' lang='lat' dir='ltr'>ob</span> <span class='ocrx_word' id='word_1_315' title='bbox 2218 3461 2286 3525; x_wconf 93' lang='lat' dir='ltr'>id</span> 
     </span>
    </p>
   </div>
   <div class='ocr_carea' id='block_1_5' title="bbox 2059 3585 2312 3605">
    <p class='ocr_par' dir='ltr' id='par_1_21' title="bbox 2059 3585 2312 3605">
     <span class='ocr_line' id='line_1_39' title="bbox 2059 3585 2312 3605; baseline 0 279"><span class='ocrx_word' id='word_1_316' title='bbox 2059 3585 2312 3605; x_wconf 95' lang='lat' dir='ltr'> </span> 
     </span>
    </p>
   </div>
  </div>
 </body>
</html>
