2609 3884
285 1033 319 1081 2

361 153 489 217 122
683 151 782 207 DE
818 150 1109 207 FINIBUS
1145 150 1507 207 BONORUM
1539 151 1636 206 ΕΤ
1672 150 2041 217 MALQRUM

355 313 581 399 sophis
644 334 1036 399 magnopere
1099 334 1410 397 umquam
1473 312 1769 414 probavi..
1870 307 2140 389 Quando
2204 311 2377 375 enim

355 400 682 482 Socrates,
761 403 872 488 qui
933 423 1166 486 parens
1229 399 1686 485 philosophiae
1748 400 1887 465 iure
1952 400 2079 465 dici
2140 402 2381 483 potest,

355 491 700 575 quicquam
751 491 886 555 tale
930 490 1131 554 fecit?
1215 489 1462 555 Eorum
1508 492 1651 553 erat
1694 488 1819 553 iste
1864 510 2033 572 mos,
2079 488 2193 571 qui
2236 491 2381 551 tum

356 579 690 665 sophistae
751 578 1286 660 nominabantur,
1359 598 1630 662 quorum
1692 597 1728 640 e
1787 597 2053 640 numero
2127 576 2380 660 primus

356 671 456 732 est
527 688 720 732 ausus
791 665 1149 732 Leontinus
1223 664 1502 750 Gorgias
1573 665 1645 729 in
1716 668 2037 729 conventu
2110 685 2381 747 poscere
2410 686 2442 729 5
2571 682 2573 693 ·

356 756 829 841 quaestionem,
890 754 958 818 id
1022 757 1122 818 est
1183 754 1407 819 iubere
1470 752 1706 836 dicere,
1770 774 1900 838 qua
1961 751 2038 816 de
2099 773 2171 816 re
2235 752 2381 835 quis

354 844 552 909 vellet
607 843 847 908 audire.
955 841 1189 907 Audax
1249 842 1616 927 negotium,
1680 803 1958 905 dicerem
2018 839 2385 924 impudens,

353 932 483 996 nisi
524 932 652 997 hoc
695 931 1070 996 institutum
1114 932 1346 1013 postea
1388 929 1781 995 translatum
1817 928 1900 993 ad
1932 933 2193 994 nostros
2238 927 2382 1012 phi-

355 1019 666 1103 losophos
731 1021 920 1083 esset.
1031 1015 1157 1083 Sed
1222 1022 1288 1082 et
1348 1017 1564 1101 illum,
1634 1038 1823 1101 quem
1882 1016 2245 1099 nominavi,
2317 1020 2385 1080 et

355 1111 602 1172 ceteros
649 1106 1004 1190 sophistas,
1048 1109 1123 1171 ut
1167 1127 1202 1170 e
1247 1105 1519 1170 Platone
1564 1105 1861 1189 intellegi
1904 1107 2147 1189 potest,
2192 1104 2378 1170 lusos
2409 1129 2465 1169 10

355 1195 644 1259 videmus
692 1216 733 1258 a
777 1191 1054 1259 Socrate.
1125 1193 1192 1259 Is
1240 1194 1415 1259 enim
1458 1194 1895 1277 percontando
1944 1196 2137 1277 atque
2180 1192 2386 1257 inter-

355 1283 642 1368 rogando
698 1282 928 1347 elicere
983 1282 1236 1348 solebat
1290 1304 1527 1357 eorum.
1570 1282 1934 1366 opiniones,
1993 1280 2387 1365 quibuscum

357 1369 740 1454 disserebat,
792 1373 868 1435 ut
923 1370 1003 1436 ad
1059 1392 1161 1453 ea,
1218 1392 1383 1455 quae
1435 1370 1485 1435 ii
1537 1370 2051 1454 respondissent,
2106 1370 2163 1433 si
2226 1368 2387 1453 quid

357 1458 707 1541 videretur,
753 1457 1013 1523 diceret.
1105 1458 1230 1534 Qui
1274 1480 1419 1524 mos
1466 1480 1613 1523 cum
1655 1480 1694 1522 a
1738 1456 2203 1541 posterioribus
2250 1480 2389 1522 non

359 1550 530 1612 esset
581 1550 898 1629 retentus,
958 1547 1284 1612 Arcesilas
1350 1568 1496 1613 eum
1558 1546 1891 1611 revocavit
1949 1546 2385 1629 instituitque,
2414 1569 2467 1609 ιε»

357 1641 433 1701 ut
476 1635 554 1718 ii,
600 1635 710 1720 qui
747 1656 818 1700 se
854 1636 1076 1699 audire
1112 1635 1382 1720 vellent,
1426 1657 1557 1701 non
1594 1635 1692 1699 de
1710 1657 1778 1699 se
1825 1636 2223 1718 quaererent,
2270 1634 2387 1697 sed

358 1724 488 1809 ipsi
534 1724 845 1802 dicerent,
892 1723 1044 1807 quid
1092 1723 1429 1805 sentirent,
1475 1724 1649 1807 quod
1694 1744 1841 1787 cum
1886 1722 2224 1804 dixissent,
2270 1722 2385 1785 ille

359 1815 604 1877 contra.
695 1808 822 1876 Sed
867 1832 1014 1875 eum
1060 1811 1173 1895 qui
1217 1772 1597 1895 audiebant,
1642 1810 1856 1895 quoad
1898 1812 2235 1894 poterant,
2279 1810 2385 1873 de-

356 1900 712 1965 fendebant
793 1899 1182 1965 sententiam
1253 1922 1455 1964 suam.
1578 1899 1774 1983 Apud
1844 1902 2090 1964 ceteros
2166 1901 2387 1962 autem

358 1986 804 2090 philosophos,
849 1988 960 2073 qui
997 1987 1318 2072 quaesivit
1352 1988 1615 2072 aliquid,
1650 1990 1876 2073 tacet3
1906 1985 2077 2071 quod
2118 1986 2387 2069 quidem
2412 2012 2464 2051 2⁰

359 2078 492 2141 iam
537 2076 614 2139 fit
659 2076 859 2140 etiam
903 2077 974 2140 in
1019 2076 1388 2140 Academia.
1474 2074 1608 2141 Ubi
1654 2078 1828 2140 enim
1871 2076 1955 2159 is,
2002 2074 2114 2159 qui
2160 2075 2387 2139 audire

358 2164 528 2246 vult,
569 2164 666 2227 ita
711 2163 899 2227 dixit.
959 2162 1303 2247 Voluptas
1351 2163 1516 2228 mihi
1560 2164 1816 2228 videtur
1861 2184 2003 2227 esse
2056 2184 2387 2227 summum

358 2250 662 2324 bonum'j
697 2255 1015 2336 perpetua
1050 2253 1343 2317 oratione
1384 2254 1611 2317 contra
1646 2251 2036 2335 disputatur,
2080 2253 2156 2315 ut
2192 2251 2387 2315 facile

358 2339 652 2425 intellegi
695 2340 906 2423 possit
942 2361 1079 2420 eos,
1127 2341 1238 2425 qui
1273 2340 1517 2424 aliquid
1553 2340 1682 2404 sibi
1718 2340 1926 2405 videri
1970 2339 2209 2423 dicant,
2250 2362 2387 2404 non

359 2430 537 2511 ipsos
582 2428 653 2493 in
699 2449 776 2493 ea
822 2428 1146 2493 sententia
1191 2450 1362 2511 esse,
1408 2428 1521 2492 sed
1564 2428 1787 2493 audire
1831 2428 1994 2493 velle
2040 2430 2387 2493 contraria.
2412 2450 2461 2493 ιε

359 2514 498 2583 Nos
547 2516 947 2582 commodius
994 2516 1266 2599 agimus.
1346 2514 1500 2581 Non
1538 2518 1709 2581 enim
1754 2516 1967 2581 solum
2013 2514 2387 2599 Torquatus

360 2606 550 2689 dixit,
603 2604 757 2688 quid
803 2604 1108 2688 sentiret,
1163 2604 1275 2669 sed
1324 2606 1547 2687 etiam,
1607 2626 1737 2669 cur.
1826 2604 1971 2689 Ego
2019 2606 2240 2667 autem
2288 2626 2387 2668 ar-

359 2693 594 2775 bitror,
640 2713 1028 2778 quamquam
1073 2692 1421 2758 admodum
1464 2692 1820 2757 delectatus
1866 2713 2011 2757 sum
2054 2692 2196 2755 eius
2244 2714 2385 2757 ora·

357 2782 535 2845 tione
578 2784 930 2865 perpetua,
960 2783 1178 2845 tamen
1224 2780 1652 2863 commodius,
1708 2790 1855 2846 cum
1898 2779 1969 2843 in
2014 2779 2209 2844 rebus
2257 2782 2388 2855 sin-
2575 2850 2576 2857 χ

361 2868 534 2953 gulis
596 2868 866 2933 insistas
930 2871 998 2932 et
1058 2870 1431 2955 intellegas,
1495 2868 1649 2971 quid
1714 2869 1986 2954 quisque
2050 2867 2387 2951 concedat,
2412 2894 2462 2933 ao
2575 2860 2576 2889 ³

361 2957 514 3041 quid
563 2956 833 3039 abnuat,
879 2978 957 3020 ex
1000 2955 1193 3021 rebus
1239 2958 1560 3022 concessis
1606 2956 1934 3040 concludi,
1989 2956 2159 3058 quod
2203 2956 2390 3040 velis,
2575 2960 2576 2981 *

361 3048 428 3109 et
463 3044 544 3108 ad
582 3044 824 3107 exitum
858 3044 1198 3126 perveniri.
1258 3044 1423 3148 Cum
1457 3046 1629 3110 enim
1662 3046 1873 3111 fertur
1907 3044 2095 3130 quasi
2128 3048 2386 3109 torrens

359 3132 602 3216 oratio,
667 3131 961 3215 quamvis
1026 3132 1232 3197 multa
1293 3132 1601 3218 cuiusque
1665 3134 1843 3200 modi
1905 3133 2145 3218 rapiat,
2216 3133 2386 3197 nihil

357 3224 583 3285 tamen
625 3223 876 3303 teneas,
926 3219 1092 3284 nihil
1138 3221 1605 3305 apprehendas,
1656 3243 1975 3305 nusquam
2023 3220 2385 3286 orationem

359 3308 655 3391 rapidam
705 3312 1018 3372 coerceas.
2408 3332 2456 3373 35
2574 3302 2576 3309 ¹

493 3395 719 3459 Omnis
775 3399 992 3460 autem
1045 3396 1115 3459 in
1170 3396 1563 3480 quaerendo,
1618 3418 1783 3481 quae
1826 3398 1934 3463 via
1992 3362 2271 3481 quadam
2317 3399 2386 3459 et

360 3482 616 3547 ratione
661 3482 964 3564 habetur,
1009 3483 1217 3547 oratio
1262 3484 1701 3567 praescribere
1738 3486 2020 3569 primum
2057 3485 2263 3565 debet,
2306 3487 2385 3547 ut
