2609 3884
658 191 804 248 LIB.
842 193 911 250 Π.
968 191 1123 247 ΟΑΡ.
1161 199 1406 248 26—28.
1445 198 1476 259 ἓ
1514 198 1758 250 85-89.
2153 194 2239 259 59

220 346 621 416 Carneadem.
724 353 824 418 Ea
872 357 1023 419 sunt
1086 354 1223 419 eius
1271 354 1476 438 modi,
1539 376 1701 439 quae
1750 379 1785 420 a
1829 346 1911 420 'te
1971 355 2239 442 diligen·
2278 369 2349 418 88

216 437 443 501 tissime
496 443 805 507 tractata
853 446 1030 506 sunt:
1104 442 1584 508 Dormientium
1632 447 1699 506 et
1760 444 2241 509 vinulentorum

214 529 272 589 et
307 525 719 594 furiosorum
767 530 908 595 visa
951 531 1383 596 imbecilliora
1429 551 1566 595 esse
1614 531 1868 596 dicebas
1918 553 2111 614 quam
2147 534 2241 597 vi-

214 613 569 696 gilantium,
623 619 966 701 siccorum,
1015 640 1337 683 sanorum.
1410 618 1551 694 Quo
1597 618 1835 683 modo?
1881 620 2052 704 quia,
2096 641 2242 684 cum

212 708 621 784 experrectus
675 710 847 770 esset
887 707 1137 771 Ennius
1148 758 1165 792 ,
1222 729 1360 772 non
1417 708 1658 772 diceret
1703 729 1772 771 se
1817 706 2058 772 vidisse
2105 707 2242 773 Ho-

166 820 189 860 5
210 809 460 874 merum,
509 794 638 858 sed
684 795 899 859 visum
944 816 1102 880 esse,
1148 793 1458 860 Alcmaeo
1505 799 1752 859 autem:

326 911 473 978 Sed
523 916 732 981 mihi
773 918 1225 1001 neutiquam
1272 920 1401 982 cor
1446 919 1847 1000 consentit
1891 968 1907 984 .
1953 969 1968 984 .
2015 967 2030 984 .
2077 967 2093 983 .

206 1032 451 1101 Similia
497 1039 587 1104 de
639 1041 1007 1106 vinulentis
1100 1040 1301 1116 Quasi
1347 1042 1686 1124 quisquam
1731 1044 1927 1126 neget
1974 1045 2065 1125 et,
2130 1040 2241 1125 qui

206 1130 623 1206 experrectus
662 1129 768 1213 sit,
814 1151 961 1193 eum
1007 1129 1366 1194 somniasse
1411 1149 1475 1194 se
1511 1132 1603 1213 et,
1649 1130 1828 1194 cuius
1873 1129 2056 1194 furor
2093 1151 2239 1194 con-

144 1233 185 1272 ιο
206 1212 461 1293 sederit,
530 1219 771 1298 putare
821 1236 955 1281 vnon
1011 1217 1215 1281 fuisse
1264 1239 1341 1280 ea
1384 1238 1562 1302 vera,
1627 1239 1790 1302 quae
1839 1221 2058 1282 essent
2113 1215 2240 1281 sibi

206 1301 337 1364 visa
379 1302 456 1367 in
512 1303 761 1369 furore.
854 1302 977 1370 Sed
1023 1326 1157 1371 non
1211 1305 1279 1368 id
1336 1305 1579 1390 agitur3
1642 1310 1811 1390 tum,
1876 1327 2021 1369 cum
2065 1305 2239 1369 vide-

206 1386 457 1475 bantur,
506 1413 644 1476 quo
690 1393 883 1457 modo
928 1393 1316 1480 viderentur,
1361 1393 1430 1456 id
1475 1393 1821 1477 quaeritur.
1892 1393 2042 1458 Nisi
2086 1414 2238 1458 vero

204 1473 488 1543 Ennium
536 1501 678 1545 non
720 1484 1023 1564 putamus
1069 1481 1163 1545 ita
1207 1484 1424 1545 totum
1468 1481 1630 1546 illud
1675 1479 2027 1546 audivisset

286 1599 387 1666 'O
434 1604 707 1686 pietas
755 1604 993 1668 animi
1038 1649 1055 1669 .
1102 1653 1117 1668 .
1163 1655 1179 1670 .
1226 1623 1273 1688 ‚3

147 1742 191 1782 1⁵
214 1721 265 1786 si
304 1726 505 1792 modo
554 1726 625 1790 id
672 1727 1039 1807 somniavit,
1084 1731 1159 1791 ut
1205 1727 1262 1790 si
1306 1726 1592 1811 vigilans
1641 1725 1909 1792 audiret.
1996 1726 2239 1809 Exper-

210 1815 416 1877 rectus
466 1815 649 1879 enim
692 1815 909 1897 potuit
952 1814 1071 1878 illa
1105 1815 1248 1879 visa
1291 1819 1541 1897 putare,
1585 1818 1662 1879 ut
1705 1818 1909 1898 erant,
1955 1814 2238 1897 somnia3

215 1897 562 1966 dormienti
600 1924 755 1967 vero
795 1909 995 1987 a'eque
1041 1924 1117 1967 ac
1152 1902 1456 1987 vigilanti
1499 1903 1963 1987 probabantur.
2030 1901 2237 1977 Quid?

214 1983 423 2055 Iliona
474 2011 707 2055 somno
756 1990 899 2055 illo:

335 2110 622 2198 Mater,
666 2117 742 2178 te
789 2114 1105 2198 appello
1123 2163 1386 2180 .....

152 2250 195 2291 ²0
216 2254 424 2301 nonne
472 2236 571 2302 ita
616 2235 820 2301 credit
866 2237 1071 2301 filium
1125 2238 1413 2303 locutum
1421 2287 1440 2321 ‚
1494 2241 1570 2302 ut
1615 2240 1989 2320 experrecta
2036 2237 2236 2301 etiam

220 2324 551 2390 crederet?
642 2324 829 2390 Unde
877 2325 1051 2391 enim
1095 2326 1239 2390 illa:

339 2448 507 2533 Age
546 2447 794 2533 adsta,
830 2470 1074 2533 mane,
1120 2449 1323 2533 audi3
1371 2447 1749 2513 iteradum
1788 2448 2043 2512 eadem
2080 2447 2240 2512 ista

1929 2535 2146 2599 mihi!

216 2678 363 2725 num
418 2660 678 2725 videtur
736 2661 1052 2725 minorem
1116 2659 1359 2723 habere
1414 2659 1572 2723 visis
1637 2679 1832 2742 quam
1888 2657 2235 2741 vigilantes

157 2769 199 2810 2⁵
221 2746 515 2914 fidetggid
558 2836 789 2918 loquar
824 2836 901 2900 de
946 2833 1240 2900 insanis?
1287 2834 1496 2919 qualis
1535 2833 1798 2897 tandem
1843 2831 1972 2896 fuit
2008 2831 2236 2896 adfinis
2255 2786 2344 2927 ἓξ

220 2925 387 3009 tuus,
454 2921 712 3002 Catule,
776 2922 1182 2988 Tuditanus?
1247 2923 1588 3007 quisquam
1653 2921 2035 2986 sanissimus
2099 2925 2237 2984 tam

220 3016 389 3077 certa
433 3015 652 3095 putat,
698 3033 861 3093 quae
906 3011 1109 3094 videt,
1169 3032 1364 3094 quam
1409 3011 1468 3074 is
1514 3011 1810 3093 putabat,
1854 3030 2015 3092 quae
2059 3008 2236 3072 vide-

221 3097 496 3164 bantur?
544 3098 753 3175 Quid?
797 3099 928 3182 ille,
974 3099 1111 3183 qui:

158 3244 201 3286 ao
344 3221 620 3306 Video,
665 3221 885 3287 video
931 3225 1025 3286 te.
1114 3218 1336 3304 Vive,
1378 3217 1674 3304 Ulixes,
1720 3219 1891 3284 dum
1935 3220 2148 3301 licet,

220 3367 428 3410 nonne
477 3345 675 3410 etiam
736 3345 841 3410 bis
902 3343 1289 3420 exclamavit
1349 3364 1416 3407 se
1462 3341 1704 3426 videre,
1770 3364 1912 3406 cum
1975 3343 2240 3406 omnino

220 3455 347 3498 non
392 3431 684 3498 videret?
777 3431 987 3508 Quid?
1048 3431 1218 3516 apud
1276 3431 1658 3513 Euripidem
1713 3429 2022 3493 Hercules
2079 3448 2243 3510 cum,

222 3525 290 3587 ut
332 3521 695 3606 Eurysthei
736 3521 934 3600 filios,
999 3520 1092 3584 ita
1137 3541 1289 3584 suos
1337 3518 1708 3602 configebat
1753 3517 2042 3601 sagittiS‚
2095 3534 2244 3578 cum
2283 3589 2288 3594 ⁸
