2609 3884
603 133 740 191 ΗΒ.
775 133 871 189 ΠΙ.
929 132 1082 189 cAP.
1127 138 1219 200 15,
1258 138 1343 188 16.
1399 138 1430 199 5
1466 136 1710 188 50—55.
2046 130 2170 196 191

135 298 404 380 regium
449 295 909 381 principatum,
965 295 1061 359 sic
1106 295 1176 359 in
1220 294 1359 359 vita
1403 316 1537 359 non
1583 316 1685 378 ea,
1740 316 1905 379 quae
1960 296 2171 377 primo

136 385 296 449 1000
362 388 540 468 sunt,
605 385 715 448 sed
779 405 882 467 ea,
945 405 1110 468 quae
1176 383 1525 447 secundum
1582 383 1798 447 locum
1857 383 2172 464 obtinent,

137 472 563 556 προηγμένα,
617 472 686 536 id
738 476 838 536 est
889 471 1292 555 producta,
1350 472 1789 555 nominentur3
1850 491 2014 554 quae
2067 471 2170 535 vel

141 562 247 625 ita
315 561 716 645 appellemus
781 556 878 645 (id
942 560 1070 623 erit
1130 560 1400 623 verbum
1456 580 1490 622 0
1544 556 1773 644 verbo)
1829 560 1935 623 vel
2000 580 2171 642 pro-

79 652 362 714 amota
425 652 492 713 et
551 652 845 713 remota
916 647 1048 731 vel,
1120 651 1193 711 ut
1265 646 1505 711 dudum
1576 646 1881 727 diximus,
1952 668 2170 731 prae-

140 738 414 821 posita
475 738 578 801 vel
637 735 1080 820 praecipua,
1147 738 1214 799 et
1266 735 1383 798 illa
1437 735 1747 799 reiecta.
1844 734 1940 799 Re
1996 734 2170 799 enim

138 825 484 889 intellecta
565 824 636 888 in
715 823 1057 888 verborum
1137 844 1259 887 usu
1340 823 1563 887 faciles
1638 844 1777 887 esse
1848 822 2172 887 debemus.

142 913 474 989 Quoniam
545 915 760 977 autem
832 932 1048 994 omne,
1129 910 1301 995 quod
1374 914 1475 975 est
1546 911 1815 990 bonum,
1890 911 2173 994 primum
2210 930 2279 981 53

139 1002 368 1065 locum
430 1004 648 1065 tenere
711 998 1008 1082 dicimus,
1071 1020 1335 1063 necesse
1400 1002 1501 1063 est
1556 1020 1676 1064 nec
1732 999 1975 1063 bonum
2033 1020 2173 1063 esse

58 1114 114 1155 10
139 1110 270 1154 1100
335 1088 582 1153 malum
641 1087 794 1172 hoc,
857 1087 1027 1172 quod
1089 1087 1535 1170 praepositum
1588 1087 1693 1151 vel
1754 1087 2175 1170 praecipuum

141 1176 581 1241 nominamus,
657 1175 860 1261 quue
905 1176 1001 1240 ita
1046 1174 1413 1239 definimus·
1458 1174 1630 1275 quod
1676 1174 1762 1238 sit
1804 1175 2172 1239 indifferens

143 1287 304 1331 cum
349 1265 799 1329 aestimatione
844 1262 1179 1347 mediocri3
1225 1263 1397 1348 quod
1435 1263 1606 1327 enim
1651 1263 1749 1327 illi
1794 1257 2175 1347 ἀδιάφορον

144 1354 408 1432 dicunt,
451 1352 521 1417 id
556 1352 719 1417 mihi
754 1352 847 1416 ita
893 1351 1199 1434 occurrit,
1243 1355 1319 1416 ut
1362 1350 1832 1415 indifferens
1880 1350 2176 1416 dicerem.

141 1441 383 1526 Neque
440 1440 613 1505 enim
666 1439 827 1505 illud
880 1440 1022 1504 fieri
1075 1442 1338 1523 poterat
1404 1439 1537 1503 ullo
1601 1439 1819 1524 mod0‚
1880 1444 1955 1504 ut
2013 1439 2178 1503 nihil

61 1555 115 1596 15
143 1530 632 1612 relinqueretur
673 1528 743 1593 in
788 1528 1046 1612 mediis,
1101 1527 1272 1611 quod
1320 1530 1435 1591 aut
1479 1527 1827 1592 secundum
1876 1531 2177 1591 naturam

145 1620 330 1682 esset
373 1620 488 1682 aut
532 1621 788 1700 contra,
831 1638 976 1693 nec,
1034 1637 1180 1680 cum
1227 1616 1294 1680 id
1341 1615 1837 1698 relinqueretur,
1889 1615 2058 1679 nihil
2110 1615 2179 1678 in

144 1706 257 1770 his
301 1706 490 1789 poni,
536 1705 707 1790 quod
745 1705 902 1769 satis
949 1704 1357 1768 aestimabile
1395 1708 1594 1787 esset,
1636 1724 1755 1767 nec
1790 1703 1917 1768 hoc
1960 1703 2175 1787 posito

143 1816 288 1859 non
335 1794 554 1878 aliqua
600 1814 740 1858 esse
795 1794 1187 1876 praeposita.
1275 1791 1478 1856 Recte
1532 1792 1734 1876 igitur
1785 1791 1947 1855 haec
2000 1791 2177 1856 facta
2214 1811 2283 1861 54

147 1882 492 1947 distinctio
549 1885 675 1964 est,
741 1884 933 1965 atque
989 1880 1185 1944 etiam
1245 1881 1328 1945 ab
1389 1880 1497 1963 iis,
1563 1901 1689 1964 quo
1752 1879 2010 1944 facilius
2074 1900 2177 1943 res

67 1996 121 2035 so
147 1969 441 2055 perspici
475 1970 701 2053 possit,
743 1969 868 2034 hoc
904 1967 1114 2033 simile
1151 1968 1447 2069 ponitur:
1491 1966 1585 2033 Ut
1626 1968 1815 2049 enim,
1859 1968 2179 2052 inquiunt,

152 2058 214 2123 si
273 2058 402 2123 hoc
461 2059 781 2142 fingamus
848 2078 987 2121 esse
1051 2057 1237 2141 quasi
1301 2056 1499 2120 finem
1565 2060 1631 2121 et
1692 2018 2019 2140 ultimum,
2085 2056 2179 2120 ita

147 2148 368 2211 iacere
432 2145 668 2229 talum,
729 2149 804 2209 ut
856 2148 1070 2209 rectus
1125 2143 1423 2226 assistat,
1491 2145 1603 2228 qui
1665 2143 1759 2209 ita
1820 2145 1994 2209 talus
2055 2144 2180 2208 erit

148 2236 400 2318 iactus,
443 2238 518 2298 ut
561 2234 750 2299 cadat
792 2237 1036 2311 rectus,
1080 2233 1521 2316 praepositum
1568 2232 1871 2316 quiddam
1907 2232 2179 2297 habebit

150 2323 238 2388 ad
290 2323 514 2406 finem,
567 2322 675 2405 qui
731 2322 947 2406 aliter,
999 2326 1254 2402 contra,
1310 2342 1519 2405 neque
1568 2325 1787 2385 tamen
1832 2321 1949 2384 illa
1994 2342 2178 2403 prae-

71 2437 124 2477 25
151 2411 400 2495 positio
455 2410 576 2474 tali
623 2410 705 2473 ad
751 2431 925 2493 eum,
978 2430 1170 2493 quem
1216 2409 1377 2490 dixi,
1422 2409 1617 2472 finem
1661 2407 2042 2491 pertinebit,
2088 2408 2181 2471 sic

150 2522 260 2583 ea,
317 2520 484 2582 quae
531 2501 684 2562 sunt
738 2498 1138 2581 praeposita,
1196 2496 1565 2561 referuntur
1615 2497 1735 2560 illa
1793 2496 2051 2580 quidem
2098 2495 2180 2558 ad

148 2589 382 2671 finem,
441 2586 555 2651 sed
609 2586 690 2651 ad
744 2587 879 2651 eius
935 2586 1069 2650 vim
1121 2590 1549 2668 naturamque
1612 2584 1779 2648 nihil
1840 2584 2180 2666 pertinent.

151 2674 465 2760 Sequitur
525 2674 642 2739 illa
695 2674 956 2757 divisio,
1009 2676 1086 2737 ut
1141 2674 1461 2738 bonorum
1519 2673 1649 2736 alia
1694 2672 1827 2735 sint
1880 2671 1962 2734 ad
2016 2670 2180 2734 illud
2218 2689 2283 2739 55

149 2765 464 2828 ultimum
505 2763 988 2847 pertinentia
1035 2760 1158 2844 (sic
1195 2763 1369 2825 enim
1416 2761 1703 2844 appello,
1749 2781 1912 2843 quae
1956 2755 2179 2823 τελικά

73 2876 124 2915 so
151 2852 487 2935 dicuntur3
560 2873 711 2915 nam
782 2850 906 2915 hoc
977 2850 1192 2934 ipsum
1264 2850 1713 2931 instituamuS,
1784 2851 1858 2912 ut
1920 2848 2182 2930 placuit,

151 2939 458 3023 pluribus
511 2938 726 3003 verbis
782 2939 1018 3021 dicere,
1072 2938 1244 3021 quod
1297 2960 1427 3000 uno
1481 2958 1614 3000 non
1666 2937 2053 3019 poterimus,
2107 2939 2183 3000 ut

151 3049 260 3091 res
294 3024 771 3134 intellegatur),
818 3026 946 3090 alia
981 3029 1199 3090 autem
1237 3025 1715 3105 efficientia,
1754 3046 1915 3108 quae
1952 3023 2183 3088 Graeci

153 3110 500 3198 ποιητικοί,
547 3114 679 3178 alia
722 3117 1082 3199 utrumque.
1172 3112 1269 3176 De
1326 3113 1801 3196 pertinentibus
1856 3112 2024 3175 nihil
2085 3118 2184 3175 est

153 3202 403 3268 bonum
439 3206 696 3286 praeter
733 3203 1019 3267 actiones
1055 3202 1393 3282 honestaS,
1432 3201 1509 3264 de
1553 3200 1981 3264 efficientibus
2017 3199 2181 3262 nihil

77 3312 129 3353 ⁸5
155 3294 420 3373 praeter
481 3290 793 3374 amicum,
856 3291 969 3355 sed
1033 3294 1099 3355 et
1170 3291 1603 3372 pertinentem
1669 3293 1735 3351 et
1799 3288 2182 3351 efficientem

159 3379 554 3462 sapientiam
597 3380 826 3444 volunt
870 3400 1026 3443 esse.
1102 3377 1275 3441 Nam
1323 3379 1475 3460 quia
1520 3375 1841 3457 sapientia
1886 3381 1987 3439 est
2032 3395 2181 3436 con-

159 3467 428 3531 veniens
467 3468 668 3552 actio,
714 3470 814 3531 est
847 3487 921 3532 ex
954 3467 1069 3530 illo
1107 3465 1462 3549 pertinenti
1507 3482 1765 3547 genere,
1808 3461 1978 3543 quod
2022 3459 2180 3541 dixi3
