2609 3884
290 607 361 657 '15

299 1921 361 1970 76

399 159 530 226 386
794 157 1392 214 TUSCULANARUM
1426 157 2028 214 DISPUTATIONUM

395 321 777 396 terminabit
820 320 1111 404 modum3
1166 320 1268 384 sin
1323 321 1711 404 opinabiles,
1767 319 1983 404 opinio
2043 323 2188 383 tota
2230 319 2423 384 tolla-

396 414 523 475 tur.
630 407 804 474 Satis
869 408 1111 473 dictum
1174 429 1316 473 esse
1381 409 1664 473 arbitror
1737 408 2206 493 aegritudinem
2277 429 2425 471 esse

400 498 775 582 opinionem
810 497 968 561 mali
1003 497 1388 580 praesentis,
1434 496 1505 560 in
1539 519 1668 580 qua
1705 497 2007 580 opinione
2043 494 2206 559 illud
2242 494 2425 579 insit,

399 589 475 650 ut
518 584 984 670 aegritudinem
1032 585 1356 668 suscipere
1402 587 1720 667 oporteat.
1801 583 2080 649 Additur
2125 583 2208 646 ad
2252 583 2428 648 hanc

400 673 843 738 definitionem
889 695 930 736 a
973 670 1226 736 Zenone
1272 676 1473 755 recte,
1517 676 1593 736 ut
1635 673 1754 736 illa
1788 673 2010 756 opinio
2053 672 2423 754 praesentis
2449 697 2474 738 5

398 761 554 825 mali
592 762 678 826 sit
712 782 951 825 recens
1022 758 1165 825 Hoc
1206 763 1424 824 autem
1459 761 1725 824 verbum
1763 760 1857 824 sic
1891 760 2424 844 interpretantur,

398 852 472 913 ut
522 870 653 914 non
706 853 965 913 tantum
1017 848 1179 912 illud
1232 868 1457 912 recens
1513 869 1654 912 esse
1707 848 1940 932 velint,
1995 847 2168 931 quod
2222 849 2424 931 paulo

399 939 549 1006 ante
597 936 925 1018 acciderit,
972 936 1111 1019 sed,
1156 957 1352 1019 quam
1399 934 1508 1000 diu
1543 937 1612 1000 in
1646 936 1763 1001 illo
1807 937 2072 1020 opinato
2108 935 2284 1000 malo
2320 937 2424 1000 vis

400 1025 713 1108 quaedam
772 1023 957 1100 insit,
1009 1026 1083 1086 ut
1134 1025 1355 1108 vigeat
1408 1026 1474 1088 et
1523 1023 1766 1090 habeat
1819 1023 2140 1108 quandam
2199 1025 2424 1088 viridi-

396 1115 627 1193 tatem,
671 1115 809 1175 tam
855 1111 965 1174 diu
1012 1111 1371 1194 appelletur
1413 1131 1653 1176 recensu.
1742 1111 1837 1177 Ut
1879 1111 2236 1176 Artemisia
2287 1113 2422 1196 illa,
2449 1140 2491 1180 ιο

396 1197 697 1281 Mausoli,
742 1196 969 1264 Cariae
1006 1199 1199 1282 regis,
1244 1220 1426 1282 uxor,
1470 1221 1634 1284 quae
1667 1199 1888 1265 nobile
1925 1198 2085 1264 illud
2119 1198 2424 1265 Halicar-

397 1286 544 1350 nasi
597 1285 753 1350 fecit
806 1286 1194 1370 sepulcrum,
1248 1309 1442 1370 quam
1498 1286 1607 1351 diu
1657 1287 1847 1371 vixit,
1895 1287 2060 1351 vixit
2111 1288 2184 1351 in
2239 1287 2424 1354 luctu

399 1373 749 1460 eodemque
801 1375 997 1438 etiam
1054 1373 1348 1440 confecta
1412 1375 1764 1440 contabuit.
1870 1373 2041 1440 Huic
2103 1379 2246 1440 erat
2303 1377 2422 1441 illa

398 1462 623 1546 opinio
671 1462 902 1527 cotidie
946 1483 1195 1546 recens3
1242 1484 1406 1546 quae
1451 1467 1590 1528 tum
1635 1463 1908 1546 denique
1951 1483 2086 1528 non
2130 1465 2420 1548 appella·

396 1554 505 1616 tur
549 1572 798 1635 recens,
844 1572 991 1616 cum
1034 1553 1358 1615 vetustate
1405 1551 1676 1628 exaruit.
2446 1579 2489 1619 1⁵

535 1639 714 1703 Haec
748 1639 952 1724 igitur
988 1638 1205 1703 officia
1242 1642 1392 1703 sunt
1427 1639 1919 1717 consolantium,
1954 1639 2184 1704 tollere
2213 1643 2418 1726 aegri-

399 1726 687 1790 tudinem
732 1726 1025 1791 funditus
1074 1730 1188 1790 aut
1234 1727 1456 1791 sedare
1503 1731 1618 1792 aut
1661 1727 1997 1792 detrahere
2042 1749 2238 1811 quam
2282 1730 2422 1813 plu-

398 1835 654 1878 rumum
709 1818 823 1879 aut
877 1815 1276 1898 supprimere
1319 1835 1438 1878 nec
1483 1816 1620 1898 pati
1671 1837 1934 1880 manare
1988 1815 2250 1900 longius
2307 1823 2422 1882 aut

402 1901 481 1965 ad
519 1902 651 1966 alia
686 1902 1039 1967 traducere.
1112 1899 1276 1966 Sunt
1321 1904 1430 1986 qui
1465 1924 1666 1967 unum
1702 1902 1982 1968 officium
2022 1904 2420 1970 consolantis

398 1993 632 2072 putent
693 1991 937 2064 malum
1000 1989 1164 2053 illud
1227 1991 1492 2055 omnino
1553 2012 1686 2055 non
1747 2011 1913 2069 esse,
1975 1994 2051 2056 ut
2113 1989 2419 2058 Cleanthi
2445 2021 2489 2059 20

397 2077 637 2159 placet3
684 2082 837 2140 sunt
880 2078 992 2159 qui
1025 2098 1159 2141 non
1193 2098 1503 2162 magnum
1543 2078 1815 2161 malum,
1859 2082 1935 2143 ut
1968 2078 2420 2166 Peripatetici3
2570 2079 2571 2098 ¹

398 2167 551 2226 sunt
614 2164 727 2247 qui
790 2163 1115 2228 abducant
1178 2185 1217 2228 a
1278 2166 1468 2230 malis
1535 2166 1615 2230 ad
1678 2168 1873 2250 bona,
1935 2169 2012 2232 ut
2066 2165 2418 2254 Epicurus;

399 2253 551 2314 sunt
609 2251 720 2334 qui
774 2251 935 2314 satis
988 2255 1223 2334 putent
1275 2252 1612 2318 ostendere
1665 2253 1829 2318 nihil
1883 2255 2208 2338 inopinati
2253 2258 2419 2322 acci-

398 2336 596 2422 disse,
657 2343 730 2402 ut
791 2336 1129 2420 Cyrenaici.
1248 2337 1646 2425 Chrysippus
1720 2345 1936 2406 autem
2007 2347 2206 2427 caput
2277 2367 2420 2411 esse

398 2430 617 2491 censet
659 2427 732 2491 in
778 2426 1170 2492 consolando
1219 2427 1552 2493 detrahere
1598 2429 1783 2493 illam
1828 2431 2198 2514 opinionem
2244 2455 2420 2498 mae·
2447 2457 2490 2499 2⁵

395 2515 581 2599 renti,
620 2515 675 2580 si
714 2537 782 2580 se
818 2514 1034 2580 officio
1072 2514 1257 2602 fungi
1292 2520 1478 2599 putet
1509 2517 1684 2581 iusto
1723 2521 1914 2602 atque
1952 2519 2190 2584 debito·
2253 2519 2422 2586 Sunt

396 2604 595 2668 etiam
623 2604 735 2688 qui
771 2602 933 2668 haec
962 2604 1181 2668 omnia
1208 2624 1446 2688 genera
1473 2605 1852 2671 consolandi
1878 2606 2190 2692 colligant
2218 2608 2419 2692 (alius

397 2693 571 2755 enim
607 2692 738 2756 alio
777 2693 967 2756 modo
1006 2690 1357 2778 movetur),
1401 2695 1476 2756 ut
1523 2692 1654 2757 fere
1683 2701 1808 2758 'nos
1845 2694 1916 2758 in
1952 2692 2420 2764 Consolatione

397 2779 615 2841 omnia
667 2780 739 2843 in
784 2779 1296 2845 consolationem
1341 2802 1537 2844 unam
1581 2781 1994 2867 coniecimus3
2055 2786 2196 2848 erat
2241 2785 2420 2850 enim

395 2865 464 2927 in
501 2868 755 2929 tumore
792 2867 1064 2951 animus,
1103 2871 1168 2931 et
1205 2869 1413 2932 omnis
1451 2869 1521 2932 in
1557 2888 1630 2933 eo
1667 2871 2111 2953 temptabatur
2145 2874 2420 2939 curatio.
2445 2899 2492 2938 30

396 2949 521 3015 Sed
578 2953 957 3017 sumendum
1014 2959 1270 3039 tempus
1331 2959 1432 3020 est
1483 2977 1617 3021 non
1669 2957 1885 3022 minus
1934 2958 2006 3022 in
2049 2958 2420 3026 animorum

394 3039 640 3102 morbis
670 3060 863 3121 quam
890 3041 954 3103 in
989 3062 1354 3128 corporum3
1391 3047 1466 3109 ut
1489 3043 1915 3110 Prometheus
1941 3045 2057 3110 ille
2084 3045 2422 3132 Aeschyli,

394 3126 497 3189 cui
543 3147 690 3191 cum
736 3127 980 3191 dictum
1026 3133 1221 3194 esset:

480 3246 745 3332 Atqui,
790 3248 1273 3332 Prometheu‚
1318 3255 1394 3316 te
1440 3253 1581 3319 hoc
1624 3256 1891 3320 tenere
1939 3253 2327 3342 existimo,

479 3333 771 3399 Mederi
815 3357 1043 3419 posse
1089 3338 1469 3403 rationem
1518 3342 2005 3428 iracundiae,
2115 3391 2118 3394 -
2445 3371 2500 3413 35

392 3473 720 3554 respondit
736 3496 753 3538 ε
