2609 3884
132 225 139 232 .
228 127 237 136 ·
356 175 481 238 146
676 174 774 228 DE
810 171 1101 228 FINIBUS
1137 169 1500 240 BONORUM
1533 171 1630 226 ΕΤ
1665 169 2034 226 MALORUM

351 337 579 402 ardore
620 339 812 421 atque
848 336 1099 418 impetu
1134 333 1492 399 concitati?
1563 331 1801 398 Utrum
1836 334 2098 398 tandem
2135 355 2379 419 censes,

306 424 701 510 Torquate,
744 423 1178 508 Imperiosum
1222 423 1434 504 illum,
1481 422 1537 485 si
1580 425 1808 486 nostra
1861 423 2062 487 verba
2106 421 2377 503 audiret,

348 518 611 578 tuamne
664 514 745 577 de
800 533 870 576 se
939 511 1326 577 orationem
1365 471 1678 576 libentius
1743 510 2115 575 auditurum
2173 509 2377 574 fuisse

354 623 437 667 an
500 623 740 684 meam,
804 622 951 666 cum
1014 617 1137 702 ego
1200 598 1479 662 dicerem
1539 597 1708 662 nihil
1763 620 1911 662 eum
1969 598 2200 664 fecisse
2259 620 2378 662 sua
2451 645 2456 650 -

353 711 551 755 causa
596 691 938 773 omniaque
974 689 1069 752 rei
1113 687 1436 771 publicae,
1480 690 1554 750 tu
1590 689 1816 751 contra
1850 686 2018 751 nihil
2053 687 2179 751 nisi
2215 686 2376 752 sua?
2405 713 2434 753 ⁵
2601 769 2603 774 .

354 776 423 843 Si
468 799 619 843 vero
667 778 734 842 id
779 777 975 840 etiam
1026 776 1372 859 explanare
1417 774 1616 839 velles
1677 775 2088 860 apertiusque
2131 774 2376 840 diceres

352 866 516 931 nihil
582 888 729 930 eum
790 865 1023 929 fecisse
1085 864 1215 928 nisi
1260 863 1631 946 voluptatis
1698 883 1918 944 causa,
1990 884 2118 948 quo
2183 862 2376 934 modo
2595 777 2606 958 1

248 977 313 1025 61
354 977 501 1019 eum
544 954 809 1018 tandem
855 953 1138 1016 laturum
1181 951 1383 1016 fuisse
1430 951 1807 1015 existimas?
1895 951 2087 1034 Esto,
2129 950 2378 1034 fecerit,

355 1045 412 1107 si
464 1043 558 1107 ita
619 1043 748 1125 viS,
810 1041 1173 1124 Torquatus
1237 1043 1503 1123 propter
1566 1059 1717 1104 suas
1788 1040 2109 1104 utilitates
2173 1037 2378 1140 (malo

354 1131 527 1195 enim
602 1130 814 1194 dicere
883 1151 1078 1213 quam
1141 1129 1541 1211 voluptates,
1601 1128 1672 1193 in
1731 1131 1920 1193 tanto
1991 1127 2376 1229 praesertim
2407 1155 2460 1194 ιο

240 1219 251 1228 ’
352 1216 551 1304 viro);
595 1239 752 1282 num
799 1217 997 1282 etiam
1045 1216 1181 1281 eius
1233 1216 1482 1301 collega
1526 1215 1600 1281 P.
1642 1215 1904 1300 Decius,
1955 1216 2258 1300 princeps
2308 1216 2379 1280 in

354 1328 433 1370 ea
476 1307 727 1372 familia
784 1306 1181 1388 consulatus,
1235 1325 1381 1370 cum
1429 1326 1496 1368 se
1552 1304 1902 1369 devoverat
1947 1308 2015 1369 et
2057 1326 2220 1388 equo
2268 1304 2376 1368 ad-

353 1396 551 1460 misso
605 1396 675 1459 in
727 1394 1006 1460 mediam
1064 1395 1267 1458 aciem
1321 1392 1703 1472 Latinorum
1753 1392 2067 1475 irruebat,
2105 1391 2404 1476 aliquid

354 1483 430 1547 de
476 1483 920 1567 voluptatibus
968 1483 1103 1546 suis
1150 1480 1530 1565 cogitabat?
1631 1479 1764 1546 Ubi
1808 1484 1884 1545 ut
1927 1503 2071 1545 eam
2118 1483 2380 1564 caperet

353 1576 468 1636 aut
530 1571 784 1656 quando
800 1570 834 1635 ⁸?
901 1591 1046 1636 cum
1108 1569 1308 1634 sciret
1371 1568 1712 1634 confestim
1775 1591 1915 1634 esse
1972 1568 2376 1634 moriendum
2407 1596 2462 1637 15

354 1681 623 1745 eamque
668 1662 945 1724 mortem
989 1658 1354 1722 ardentiore
1400 1657 1614 1721 studio
1659 1661 1936 1741 peteret,
1981 1676 2176 1742 quam
2219 1656 2376 1741 Epi·

353 1769 543 1814 curus
615 1748 1018 1850 voluptatem
1097 1745 1441 1846 petendam
1520 1748 1728 1829 putat.
1857 1744 2044 1821 Quod
2116 1744 2377 1848 quidem

355 1837 490 1901 eius
543 1835 790 1901 factum
842 1835 973 1900 nisi
1029 1838 1201 1899 esset
1250 1835 1390 1898 iure
1435 1832 1797 1918 laudatum,
1840 1856 1972 1899 non
2019 1835 2190 1898 esset
2233 1833 2375 1898 imi·

350 1929 529 1990 tatus
586 1927 819 2008 quarto
864 1922 1209 1988 consulatu
1254 1944 1371 1986 suo
1415 1921 1616 2005 filius,
1668 1943 1877 2006 neque
1931 1944 2126 2006 porro
2171 1943 2252 1986 ex
2298 1943 2376 1988 eo

350 2016 545 2077 natus
593 2033 736 2076 cum
780 2009 1031 2096 Pyrrho
1086 2010 1332 2074 bellum
1378 2031 1608 2095 gerens
1655 2011 1877 2076 consul
1924 2010 2263 2075 cecidisset
2305 2010 2376 2075 in
2404 2037 2462 2078 20

352 2101 599 2202 proelio
664 2121 857 2183 seque
920 2121 955 2163 e
1018 2097 1379 2163 continenti
1433 2118 1669 2182 genere
1723 2099 1987 2164 tertiam
2040 2099 2377 2164 victimam

250 2210 315 2257 62
354 2189 446 2252 rei
503 2187 799 2271 publicae
854 2186 1280 2270 praebuisset.
1381 2182 1699 2252 Contineo
1754 2209 1857 2251 me
1916 2188 2001 2252 ab
2045 2187 2378 2270 exemplis

356 2274 615 2340 Graecis
680 2274 806 2340 1100
866 2275 1189 2339 modicum
1250 2277 1381 2338 est:
1461 2272 1810 2359 Leonidas,
1873 2273 2377 2359 Epaminondas,

351 2375 484 2428 tres
558 2363 759 2447 aliqui
831 2366 945 2427 aut
1016 2365 1349 2446 quattuor3
1424 2382 1546 2446 ego
1619 2363 1676 2428 si
1737 2367 1999 2428 nostros
2065 2363 2376 2448 colligere

354 2473 647 2536 coeper0,
701 2451 1032 2535 perficiam
1084 2451 1246 2515 illud
1292 2450 1576 2534 quidem,
1628 2453 1704 2515 ut
1757 2473 1825 2516 se
1883 2452 2112 2516 virtuti
2154 2452 2376 2516 tradat
2404 2479 2458 2518 25

352 2540 918 2641 constringendam
962 2540 1291 2623 voluptas3
1349 2539 1461 2603 sed
1506 2539 1641 2603 dies
1687 2561 1789 2604 me
1837 2540 2114 2624 deficiet,
2157 2543 2255 2624 et,
2300 2544 2376 2605 ut

352 2629 430 2696 A.
476 2628 745 2710 Varius,
798 2629 908 2713 qui
961 2632 1065 2693 est
1116 2628 1379 2693 habitus
1424 2627 1618 2692 iudex
1661 2621 1906 2712 durior,
1967 2628 2178 2694 dicere
2225 2649 2375 2694 con-

352 2718 593 2782 sessori
634 2718 914 2800 solebat,
962 2738 1107 2782 cum
1145 2716 1316 2781 datis
1362 2715 1638 2781 testibus
1686 2716 1799 2781 alii
1841 2721 2064 2782 tamen
2099 2717 2374 2783 citaren-

349 2810 483 2870 turz
531 2805 692 2869 Aut
732 2805 857 2870 hoc
901 2805 1168 2869 testium
1206 2805 1367 2870 satis
1407 2807 1533 2887 est,
1578 2808 1692 2869 aut
1726 2806 1966 2889 nesci0,
2011 2806 2166 2889 quid
2211 2806 2374 2870 satis

352 2891 487 2976 sit,'
545 2893 637 2957 010
693 2913 731 2956 a
787 2914 891 2956 me
937 2893 1095 2957 satis
1152 2891 1376 2957 datum
1423 2896 1521 2958 est
1568 2893 1850 2958 testium.
1942 2893 2110 2970 Quid
2157 2894 2373 2959 enim?
2401 2919 2454 2960 so

348 2985 416 3046 te
493 2980 732 3064 ipsum,
804 2979 1256 3065 dignissimum
1329 2980 1684 3045 maioribus
1755 2982 1914 3065 tuis,
1985 2983 2373 3066 voluptasne

349 3067 627 3151 induxit,
691 3070 766 3132 ut
828 3068 1344 3134 adulescentulus
1410 3069 1686 3152 eriperes
1739 3069 1810 3134 P.
1867 3069 2083 3135 Sullae
2143 3091 2373 3136 consu-

347 3155 599 3222 latum?
691 3153 895 3231 Quem
942 3177 1088 3222 oum
1134 3156 1215 3220 ad
1269 3159 1522 3240 patrem
1568 3160 1755 3221 tuum
1798 3159 2187 3242 rettulisses,
2239 3159 2374 3225 for-

348 3246 675 3310 tissimum
728 3245 963 3328 virum,
1017 3244 1229 3329 qualis
1282 3244 1397 3308 ille
1450 3246 1553 3309 vel
1599 3246 1822 3311 consul
1866 3247 1969 3311 vel
2020 3247 2178 3312 civis
2225 3269 2374 3312 cum

350 3353 627 3416 semper,
708 3335 852 3396 tum
923 3337 1075 3434 post
1146 3333 1552 3397 consulatum
1621 3333 1776 3399 fuit!
1891 3334 2030 3411 Quo
2113 3335 2374 3419 quidem
2401 3363 2451 3402 3⁵

350 3427 613 3486 auctore
683 3442 802 3485 nos
873 3421 1002 3503 ipsi
1076 3442 1153 3484 ea
1227 3422 1572 3505 gessimuS,
1642 3425 1719 3487 ut
1790 3423 2090 3488 omnibus
2151 3425 2371 3507 potius

243 3531 309 3580 63
350 3531 541 3594 quam
604 3508 799 3592 ipsis
829 3509 1020 3573 nobis
1086 3509 1610 3574 consuluerimus.
1715 3509 1803 3574 At
1857 3533 2051 3595 quam
2103 3512 2373 3598 pulchre
