2609 3884
707 1217 804 1292 M.
865 1219 1188 1292 TULLII
1243 1219 1739 1294 CICERONIS

290 1401 1140 1487 AOADEMIOORUM
1200 1398 1345 1484 AD
1410 1402 1515 1486 M.
1581 1400 2164 1488 VARRONEM

928 1590 1171 1650 LIBER
1214 1591 1532 1654 PRIMUS.

894 1871 1569 1933 ARGUMENTUM.

362 1987 500 2042 Cum
533 1987 610 2044 M.
640 1985 835 2042 Cicero
870 2003 973 2056 per
1009 1987 1453 2042 dominationem
1491 1986 1547 2043 C.
1583 1987 1836 2042 Caesaris
1873 2004 1999 2042 cum
2034 1987 2238 2058 iniqui-

211 2061 339 2114 tate
373 2061 710 2127 temporum,
765 2059 888 2111 tum
930 2058 1178 2140 partium
1223 2059 1413 2113 studio
1450 2075 1485 2113 a
1520 2074 1581 2112 re
1630 2058 1859 2128 publica
1892 2060 2141 2128 gerenda
2178 2075 2238 2114 se

213 2130 442 2184 videret
486 2130 794 2194 exclusum,
841 2145 912 2182 ne
959 2129 1185 2183 omnino
1232 2129 1456 2183 deesset
1500 2129 1583 2182 rei
1625 2129 1911 2198 publicae,
1965 2129 2025 2183 in
2079 2129 2238 2184 libris

216 2199 530 2255 scribendis
583 2214 813 2269 operam
865 2200 1058 2282 posuit
1105 2216 1174 2254 ac
1221 2215 1463 2281 praecep
1425 2200 1525 2268 pta
1581 2198 1807 2253 dicendi
1859 2215 1984 2254 com
1986 2199 2237 2269 pluribus

215 2269 600 2325 voluminibus
647 2269 923 2339 condidit,
970 2269 1101 2325 dein
1143 2269 1384 2324 maxime
1430 2271 1612 2324 morte
1648 2269 1868 2324 Tulliae
1916 2287 2049 2325 suae
2088 2286 2237 2325 com-

216 2342 409 2396 motus
445 2356 564 2396 sese
593 2338 767 2422 etiam
803 2340 878 2394 ad
912 2340 1176 2410 philosop
1177 2340 1308 2395 hiae
1341 2340 1673 2409 scriptiones
1702 2340 1981 2395 convertit
2007 2343 2067 2395 et
2094 2341 2238 2411 opti-

217 2428 442 2466 marum
469 2411 674 2466 artium
700 2410 822 2465 vias
859 2410 1074 2466 civibus
1101 2410 1215 2464 suis
1240 2411 1467 2466 tradere
1496 2410 1727 2465 studuit.
1788 2410 1910 2476 Quo
1946 2411 2007 2468 111
2032 2428 2239 2480 genere

209 2481 466 2564 *primum
502 2498 568 2536 eo
605 2481 776 2548 libro,
823 2497 991 2550 quem
1025 2481 1383 2538 Hortensium
1422 2479 1809 2563 inscripserat,
1844 2481 2238 2550 philosophiae

217 2551 697 2634 vituperatoribus
743 2552 1035 2621 respondit
1091 2551 1457 2623 popularibus
1516 2551 1629 2606 suis
1686 2551 2006 2605 universum
2054 2552 2240 2620 philo-

221 2621 458 2705 sophiae
493 2622 740 2677 studium
778 2623 1192 2690 commendans,
1226 2625 1367 2690 tum,
1406 2621 1557 2689 quod
1590 2620 2032 2690 philosophandi
2062 2639 2238 2690 genus

221 2693 502 2774 optimum
545 2709 665 2748 esse
710 2693 1102 2762 arbitraretur,
1145 2693 1230 2747 ita
1267 2693 1501 2746 conatus
1547 2693 1634 2745 est
1678 2692 1983 2760 explicare,
2029 2695 2098 2746 ut
2130 2693 2241 2748 hoc

219 2765 347 2832 ipso
397 2762 632 2832 scripto,
679 2763 834 2818 cuius
879 2766 1070 2833 partes
1114 2763 1264 2818 infra
1308 2763 1596 2832 leguntur,
1642 2761 2109 2818 Academicorum
2152 2781 2239 2817 ra-

219 2835 439 2889 tionem
475 2833 892 2888 commendaret
928 2836 988 2888 et
1022 2851 1057 2890 a
1093 2835 1326 2889 Socrate
1364 2839 1423 2888 et
1457 2832 1694 2887 Platone
1742 2832 2014 2902 incipiens
2049 2850 2241 2889 recen-

221 2903 385 2959 tioris
431 2903 794 2985 ,potissimum
837 2904 1176 2959 Academiae
1215 2903 1635 2986 philosophiam
1682 2907 2000 2972 exponeret.
2079 2904 2241 2960 Hanc

224 2974 614 3044 quaestionem
647 2974 1043 3030 Academicam
1080 2992 1206 3030 cum
1241 2974 1423 3044 primo
1462 2973 1678 3056 duobus
1722 2973 1881 3028 libris
1919 2976 2241 3045 complexus

223 3047 398 3113 esset,
439 3062 578 3114 quos
613 3059 650 3098 a
681 3046 954 3116 personiS,
992 3062 1129 3114 quas
1165 3046 1461 3112 loquentes
1495 3044 1556 3099 in
1590 3044 1659 3099 118
1695 3044 2007 3114 induxerat,
2048 3047 2241 3128 appel-

221 3115 384 3181 lavit,
420 3116 666 3184 priorem
695 3115 966 3184 Catulum,
1004 3117 1244 3171 alterum
1271 3115 1585 3180 Lucullum,
1622 3132 1733 3183 qua
1769 3116 1840 3170 de
1874 3132 1936 3169 re
1974 3118 2033 3170 et
2065 3117 2243 3185 ipsius

226 3186 566 3240 conferenda
602 3187 690 3241 est
723 3188 1075 3256 epistolarum
1111 3188 1184 3242 ad
1219 3186 1467 3241 Atticum
1500 3156 1599 3240 lib'.
1636 3185 1767 3239 XIII
1804 3202 1891 3255 ep.
1928 3192 1997 3240 32
2035 3191 2066 3252 ἓ
2102 3194 2133 3242 2
2172 3187 2240 3242 81.

227 3255 478 3311 eiusdem
513 3256 646 3310 libri
682 3273 751 3327 ep
756 3264 864 3314 ,12
905 3263 935 3323 ἓ
972 3264 1030 3325 3,
1068 3273 1138 3327 8Ρ
1205 3263 1270 3312 16
1309 3262 1421 3323 ξι,
1458 3272 1543 3325 8Ρ.
1577 3261 1641 3311 19
1678 3261 1796 3324 95,
1834 3273 1903 3326 8Ρ
1908 3263 2019 3311 .32
2056 3263 2147 3322 §3
2186 3260 2246 3312 et

228 3326 564 3392 Quintiliani
604 3275 842 3383 instit-ut.
890 3333 1027 3383 orat.
1062 3275 1162 3384 lib.
1197 3328 1276 3381 III
1315 3343 1420 3396 cap
1423 3333 1500 3383 .6
1536 3331 1567 3392 ξ
1606 3332 1675 3380 64
1710 3328 1770 3380 et
1803 3327 2094 3381 Plutarchi
2127 3329 2247 3382 vita

227 3397 452 3453 Luculli
478 3414 600 3468 cap.
629 3404 725 3466 42,
761 3398 1004 3479 postea
986 3415 1102 3453 iam
1131 3396 1298 3452 editis
1326 3397 1415 3451 his
1447 3395 1623 3464 libris,
1663 3413 1789 3451 cum
1818 3399 1875 3452 et
1902 3397 1977 3452 ad
2003 3397 2077 3453 M.
2106 3397 2243 3451 Var-

227 3477 422 3523 ronem
449 3467 664 3537 aliquid
692 3468 1044 3524 conscribere
1067 3469 1246 3526 vellet
1272 3469 1331 3522 81.
1364 3467 1550 3522 illud
1532 3484 1717 3536 ipsum
1746 3483 1884 3536 opus
1912 3467 2094 3520 minus
2130 3467 2245 3522 iam

333 3565 550 3608 orc.1v
595 3561 1814 3608 1.1
