2609 3884
693 182 828 240 ΜΒ.
864 181 958 238 IV.
1017 182 1171 240 cAP.
1214 189 1456 241 12—14.
1513 190 1543 250 ς
1581 190 1826 242 31—36.
2138 186 2273 251 215

247 345 426 429 quod
471 345 538 411 in
583 367 657 411 eo
707 345 792 410 sit
837 346 1183 430 optimum,
1239 350 1304 410 et
1349 346 1419 412 in
1465 346 1601 411 eius
1646 347 1836 412 unius
1883 354 2269 433 occupatum

248 455 390 499 esse
447 434 764 518 custodia,
816 435 1224 519 reliquasque
1277 439 1542 499 naturas
1597 435 1763 500 nihil
1818 436 1994 500 aliud
2059 456 2269 521 agere,

245 521 382 605 nisi
423 527 498 587 ut
549 522 616 587 id
670 527 1081 606 conservent,
1141 522 1315 607 quod
1360 524 1432 588 in
1476 545 1726 609 quaque
1773 524 2092 608 optimum
2139 526 2267 590 sit?
2308 542 2311 545 ’

247 609 392 686 Quo
428 611 620 676 modo
651 614 868 676 autem
897 612 1235 696 optimum,
1272 612 1331 676 si
1366 611 1609 676 bonum
1643 616 1980 695 praeterea
2014 613 2268 677 nullum

187 724 218 765 5
247 699 394 763 est?
502 697 620 764 Sin
671 702 888 765 autem
942 700 1192 784 reliqua
1247 699 1611 783 appetenda
1668 703 1847 785 sunt,
1904 722 2041 785 cur,
2097 702 2267 786 quod

247 790 353 851 est
413 788 718 853 ultimum
780 810 994 853 rerum
1067 788 1599 872 appetendarum,
1671 788 1738 853 id
1808 810 1943 855 non
2015 793 2128 855 aut
2190 811 2267 854 ex

245 876 536 939 omnium
601 898 820 941 earum
891 880 1007 941 aut
1070 898 1148 941 ex
1223 876 1651 960 plurimarum
1714 880 1780 941 et
1842 878 2267 943 maximarum

245 964 648 1047 appetitione
694 963 1140 1031 concluditur?
1240 964 1336 1029 Ut
1375 963 1643 1030 Phidias
1696 969 1913 1049 potest
1968 988 2007 1030 a
2051 966 2263 1050 primo

240 1052 587 1117 instituere
642 1054 901 1136 signum
951 1053 1143 1137 idque
1196 1053 1528 1135 perficere,
1582 1057 1804 1136 potest
1862 1054 1943 1119 ab
1992 1055 2122 1121 alio
2168 1056 2263 1120 in·

163 1169 216 1208 ιο
243 1140 552 1206 choatum
615 1142 902 1226 accipere
966 1145 1032 1206 et
1086 1141 1447 1225 absolvere,
1507 1140 1661 1207 huic
1720 1142 1951 1207 similis
2008 1146 2109 1208 est
2167 1166 2263 1209 sa·

242 1228 524 1314 pientia3
578 1250 712 1295 non
765 1229 938 1294 enim
991 1229 1148 1314 ipsa.
1182 1230 1409 1313 genuit
1453 1229 1808 1315 hominem,
1860 1231 1974 1296 sed
2020 1232 2267 1316 accepit

245 1339 286 1381 6
326 1320 563 1383 natura
605 1317 1000 1383 inchoatum.
1088 1316 1277 1381 Hanc
1332 1338 1487 1403 ergo
1540 1318 1801 1383 intuens
1847 1319 2038 1385 debet
2081 1320 2263 1385 insti-

243 1408 459 1471 tutum
510 1404 674 1469 illud
729 1406 916 1490 quasi
961 1406 1221 1491 signum
1275 1405 1671 1471 absolvere..
1733 1406 2004 1483 Qualem
2059 1408 2264 1493 igitur
2304 1427 2375 1477 35

245 1493 573 1559 hominem
619 1496 855 1558 natura
899 1493 1274 1559 inchoavit?
1323 1497 1391 1558 et
1433 1494 1606 1578 quod
1651 1497 1753 1559 est
1796 1518 2048 1579 1111111118,
2097 1496 2267 1579 quod

166 1610 218 1651 15
247 1603 409 1665 opus
457 1582 858 1665 sapientiae?
907 1582 1060 1667 quid
1107 1584 1232 1666 est,
1276 1581 1450 1666 quod
1486 1583 1569 1647 ab
1608 1604 1685 1647 ea
1722 1582 1975 1648 absolvi
2016 1586 2083 1647 et
2126 1606 2267 1667 per·

247 1670 356 1735 fici
401 1670 676 1735 debeat?
785 1668 855 1735 Si
907 1670 1076 1735 nihil
1130 1671 1201 1734 in
1255 1692 1359 1753 eo,
1413 1670 1585 1754 quod
1638 1670 2099 1753 perficiendum
2150 1675 2267 1757 est,

243 1760 505 1845 praeter
565 1761 817 1823 motum
879 1758 1130 1843 ingenii
1200 1758 1550 1842 quendam,
1620 1758 1687 1823 id
1759 1762 1861 1823 est
1928 1759 2267 1843 rationem,

244 1868 508 1911 necesse
563 1848 662 1911 est
712 1846 864 1911 huic
918 1846 1222 1912 ultimum
1277 1867 1419 1911 6886
1475 1868 1553 1911 ex
1597 1846 1839 1911 virtute
1890 1866 2107 1948 agere3
2166 1869 2265 1912 16-

246 1934 445 1999 tionis
493 1933 666 1999 enim
711 1934 1020 2017 perfectio
1077 1936 1178 1999 est
1229 1935 1469 2019 virtus3
1524 1934 1581 1999 si
1623 1933 1791 1999 nihil
1842 1935 1971 2001 nisi
2017 1956 2267 2019 corpus,

168 2051 222 2092 80
250 2044 504 2087 summa
541 2027 727 2087 erunt
768 2023 911 2088 1116.
956 2022 1287 2106 valetudo,
1334 2022 1627 2088 vacuitas
1674 2022 1943 2107 (1010118,
1986 2023 2265 2107 pulchri-

246 2111 429 2195 tudo,
475 2115 709 2178 cetera.
796 2109 988 2176 Nunc
1034 2111 1112 2175 de
1156 2110 1440 2175 hominis
1487 2132 1738 2175 summo
1794 2111 1964 2177 bono
2020 2112 2264 2196 quaeri-

246 2204 378 2284 tui-3
470 2199 626 2283 quid
705 2200 910 2284 igitur
991 2199 1363 2265 dubitamus
1452 2198 1523 2263 in
1602 2202 1745 2264 tota
1816 2200 1952 2265 61118
2028 2203 2263 2265 natura
2289 2178 2373 2303 13ss

247 2308 556 2371 quaerere
602 2287 756 2372 quid
803 2288 890 2353 sit
936 2287 1276 2355 effectum?
1364 2284 1527 2352 Cum
1574 2288 1746 2352 enim
1794 2290 2051 2354 constet
2095 2289 2265 2354 inter

249 2397 469 2441 omnes
517 2396 707 2441 omne
745 2375 1032 2441 officium
1067 2397 1428 2461 munusque
1466 2376 1823 2460 sapientiae
1871 2376 1941 2442 in
1978 2376 2264 2441 hominis

169 2491 222 2533 25
248 2464 426 2529 cultu
491 2484 631 2529 esse
694 2466 1104 2548 occupatum,
1169 2464 1281 2528 alii
1336 2460 1444 2551 (ne
1498 2485 1602 2528 me
1662 2464 1988 2529 existimes
2044 2466 2266 2529 contra

249 2550 502 2618 Stoicos
589 2552 798 2618 solum
871 2549 1106 2652 dicere)
1192 2574 1301 2617 668
1376 2552 1732 2617 sententias
1816 2552 2120 2634 afferunt,
2190 2555 2265 2615 ut

248 2662 569 2706 summum
612 2640 856 2706 bonum
899 2639 969 2704 in
1011 2661 1085 2704 eo
1132 2660 1363 2725 genere
1408 2644 1683 2724 ponant,
1730 2640 1902 2741 quod
1949 2640 2037 2704 sit
2082 2643 2266 2703 extra

245 2731 537 2794 nostram
582 2731 998 2813 potestatem,
1049 2730 1386 2812 tamquam
1441 2728 1519 2793 de
1566 2728 1856 2792 inanimo
1904 2728 2119 2812 aliquo
2166 2727 2261 2793 lo-

247 2820 552 2901 quantur,
598 2816 711 2881 alii
747 2819 998 2901 contra,
1044 2818 1228 2901 quasi
1267 2837 1497 2899 corpus
1534 2816 1786 2881 nullum
1824 2816 1915 2882 sit
1956 2815 2261 2895 hominis,

171 2931 222 2972 so
247 2906 341 2971 ita
383 2908 644 2989 praeter
681 2904 968 2969 animum
1003 2904 1170 2969 nihil
1207 2908 1463 2989 curant,
1510 2926 1657 2969 cum
1701 2905 2086 2988 praesertim
2120 2905 2261 3007 ipse

247 3014 498 3079 quoque
535 2993 788 3058 animus
825 3014 958 3059 non
991 2992 1185 3057 inane
1229 2993 1447 3057 nescio
1491 2993 1644 3077 quid
1682 2993 1771 3058 sit
1815 2990 2049 3078 (neque
2087 2994 2262 3058 enim

245 3081 311 3145 id
373 3102 639 3165 possum
701 3077 1140 3167 intellegere),
1205 3080 1317 3145 sed
1369 3080 1439 3145 in
1494 3080 1773 3165 quodam
1835 3102 2072 3167 genere
2125 3104 2263 3147 cor-

246 3170 449 3254 poris,
493 3172 570 3235 ut
609 3190 692 3235 ne
735 3170 792 3233 is
837 3168 1097 3254 quidem
1142 3168 1383 3234 virtute
1428 3190 1562 3233 una
1603 3171 1949 3235 contentus
1998 3170 2103 3254 sit,
2149 3169 2264 3235 sed

247 3261 512 3342 appetat
571 3258 964 3323 vacuitatem
1028 3255 1285 3321 doloris,
1396 3255 1604 3332 Quam
1660 3257 1744 3322 ob
1803 3279 1941 3323 rem
2004 3258 2261 3341 utrique

174 3374 222 3413 35
247 3347 415 3411 idem
458 3345 734 3430 faciunt,
787 3348 864 3410 ut
915 3345 971 3409 si
1022 3346 1276 3409 laevam
1322 3348 1572 3427 partem
1624 3346 2067 3431 neglegerent,
2115 3344 2261 3409 dex·

247 3438 451 3499 teram
503 3437 865 3517 tuerentur,
921 3436 1035 3497 aut
1087 3432 1291 3516 ipsius
1361 3432 1587 3516 animi,
1648 3437 1725 3497 ut
1785 3432 1939 3497 fecit
1991 3431 2263 3513 Erillus,

248 3522 682 3609 cognitionem
763 3522 1318 3607 amplexarentur,
1402 3520 1718 3585 actionem
1806 3520 2261 3603 relinquerent.
