2609 3884
647 167 786 222 LIB.
820 167 892 222 H.
949 165 1102 222 CAP.
1146 173 1388 224 13-15,
1445 173 1475 235 ἕ
1511 173 1756 226 41—46.
2120 171 2204 234 41

175 329 550 413 perspicere
584 349 704 393 nec
738 329 872 394 ulla
901 329 1351 394 communione
1378 330 1665 395 visorum
1697 331 2011 415 impediri,
2037 353 2208 397 com-

176 417 494 501 prendere
541 439 619 482 ea
663 439 731 481 se
767 439 959 500 posse
1002 417 1396 483 fatebuntur.
1470 417 1586 483 Sin
1622 422 1838 484 autem
1872 420 2209 504 negabunt

178 527 337 570 vera
374 505 523 573 visa
559 527 599 570 a
631 504 816 569 falsis
851 527 1044 588 posse
1080 505 1418 591 distingui,
1456 506 1566 590 qui
1601 510 1913 590 poterunt
1947 509 2207 592 longius

123 591 1000 765 ⁵23351‘533?.1‘}‘5322ffi
1029 593 1218 747 Ἓὲῗ
1254 595 1806 765 Ξῗὲξέῗζῗᾚ
1850 595 2211 749 ⁶⁸¹⁵uaff²3¹3

179 768 695 835 concludendum
767 773 1028 853 sumpta
1098 773 1312 854 erunt,
1372 771 1469 835 ita
1532 733 1855 856 probatis’,
1898 706 1991 835 (iit
2041 771 2211 838 falsa

179 858 473 923 eiusdem
509 857 685 922 modi
719 857 900 922 nulla
943 858 1200 941 possint
1241 879 1399 922 esse.
1469 857 1650 943 Ergo
1698 860 1755 923 si
1798 859 1991 924 rebus
2038 881 2207 925 com-

176 946 440 1030 prensis
478 949 545 1010 et
576 945 896 1030 perceptis
931 946 1078 1010 nisa
1113 949 1179 1010 et
1212 967 1560 1031 progressa
1593 946 1762 1012 ratio
1797 946 1922 1012 hoc
1953 947 2209 1028 efficiet,

176 1035 351 1099 nihil
421 1049 619 1116 posse·
685 1033 1081 1117 comprendi,
1147 1033 1302 1117 quid
1378 1038 1600 1119 potest
1666 1035 1967 1119 reperiri,
2040 1036 2209 1119 quod

95 1145 150 1185 ιο
177 1124 402 1205 ipsum
449 1121 574 1186 sibi
609 1125 928 1206 repugnet
963 1121 1218 1206 magis?
1265 1144 1538 1206 cumque
1576 1123 1723 1206 ipsa
1756 1126 1992 1188 natura
2026 1145 2208 1189 accu-

177 1215 369 1275 ratae
398 1208 714 1274 orationis
749 1209 874 1275 hoc
905 1210 1305 1294 profiteatur,
1343 1231 1411 1275 se
1441 1210 1684 1294 aliquid
1717 1211 2209 1296 patefacturam,

177 1298 359 1382 quod
403 1319 536 1361 non
582 1301 893 1381 appareat
937 1302 1029 1381 et,
1074 1320 1200 1382 quo
1245 1299 1314 1362 id
1356 1297 1611 1363 facilius
1648 1299 2056 1384 adsequatur,
2102 1300 2209 1364 ad-

176 1387 541 1450 hibituram
586 1390 653 1450 et
697 1407 924 1450 sensus
969 1388 1038 1450 et
1071 1407 1174 1469 ea,
1219 1407 1383 1470 quae
1426 1387 1765 1470 perspicua
1809 1388 1957 1472 sint,
2001 1388 2208 1472 qualis

179 1478 287 1540 est
347 1474 623 1538 istorum
681 1474 914 1559 oratio,
977 1474 1090 1558 qui
1152 1475 1372 1539 omnia
1430 1495 1566 1539 non
1618 1479 1757 1538 tam
1810 1495 1949 1540 esse
2014 1497 2207 1560 quam

97 1586 150 1626 15
179 1563 391 1628 videri
427 1560 696 1627 volunt‘:>
766 1561 1046 1627 Maxime
1082 1565 1301 1626 autem
1339 1563 1821 1647 convincuntur,
1865 1584 2013 1627 cum
2047 1562 2209 1628 haec

179 1652 312 1716 duo
358 1671 477 1735 pro
523 1650 1028 1736 congruentibus
1075 1654 1341 1715 sumunt
1385 1653 1521 1714 tam
1565 1651 1977 1715 vehementer
2022 1673 2207 1734 repu-

181 1739 484 1824 gnantia,
537 1738 820 1822 primum
867 1760 1007 1803 esse
1053 1739 1368 1822 quaedam
1416 1738 1586 1803 falsa
1629 1738 1771 1802 visa
1814 1737 2015 1822 (quod
2061 1760 2207 1804 cum

180 1827 444 1910 volunt,
489 1826 820 1891 declarant
863 1826 1178 1910 quaedam
1225 1848 1366 1890 esse
1410 1824 1617 1911 vera),
1677 1825 1905 1891 deinde
1951 1826 2209 1911 ibidem,

177 1916 358 1980 inter
408 1876 578 1979 falsa
630 1915 769 1979 visa
821 1919 888 1979 et
930 1937 1085 1980 vera
1137 1914 1301 1979 nihil
1353 1914 1685 1980 interesse.
1782 1914 1876 1979 At
1928 1914 2208 1998 primum

95 2027 154 2066 κο
181 2024 556 2087 sumpseras
563 2053 583 2088 ,
637 2005 974 2086 tamquam
1016 2003 1379 2068 interesset.
1468 2002 1575 2067 Ita
1622 2002 1822 2086 priori
1866 2004 2209 2088 posterius,

179 2092 535 2176 posteriori
579 2091 872 2173 superius
916 2113 1051 2157 non
1094 2091 1402 2174 iungitur.

319 2177 447 2243 Sed
490 2179 978 2264 progrediamur
1018 2180 1278 2264 longius
1327 2183 1394 2244 et
1434 2179 1531 2244 ita
1577 2201 1871 2265 agamus,
1919 2182 1996 2243 ut
2036 2177 2204 2243 nihil
2240 2192 2313 2242 45

179 2268 376 2333 nobis
422 2267 742 2332 adsentati
787 2288 926 2332 esse
970 2267 1328 2350 videamur,
1377 2288 1665 2351 quaeque
1710 2267 1792 2332 ab
1837 2266 1940 2331 his
1986 2267 2205 2332 dicun-

180 2361 321 2440 tur,
385 2355 480 2420 sic
540 2375 1026 2439 persequamur,
1089 2358 1165 2419 ut
1223 2355 1393 2419 nihil
1454 2355 1525 2420 in
1585 2354 1953 2439 praeteritis
2016 2355 2206 2419 relin-

99 2466 154 2508 25
180 2465 481 2528 quamus.
568 2441 859 2507 Primum
902 2443 1104 2528 igitur
1144 2442 1571 2526 perspicuitas
1618 2443 1759 2526 illa,
1806 2464 2000 2526 quam
2046 2442 2207 2506 dixi-

181 2553 360 2615 muS,
407 2530 568 2595 satis
613 2551 921 2615 magnam
968 2530 1168 2595 habet
1211 2530 1372 2614 vim,
1426 2533 1502 2594 ut
1553 2530 1701 2613 ipsa
1751 2550 1867 2612 per
1925 2551 2066 2594 sese
2113 2551 2207 2612 ea,

181 2640 352 2704 quae
399 2619 556 2701 sint,
599 2619 817 2703 nobiS,
860 2619 958 2684 ita
1002 2621 1076 2682 ut
1120 2618 1280 2700 sint,
1324 2618 1582 2682 indicet.
1672 2616 1798 2682 Sed
1840 2620 2088 2695 tamen,
2132 2621 2208 2682 ut

181 2727 566 2771 maneamus
603 2706 674 2770 in
707 2707 1064 2790 perspicuis
1101 2707 1351 2771 firmius
1388 2709 1455 2769 et
1488 2705 1923 2789 constantiuS,
1960 2704 2206 2769 maiore

182 2795 468 2880 quadam
524 2815 687 2877 opus
742 2798 843 2859 est
894 2795 1000 2859 vel
1055 2797 1193 2859 arte
1246 2795 1353 2860 vel
1406 2792 1772 2878 diligentia,
1824 2814 1908 2857 ne
1962 2793 2045 2857 ab
2104 2793 2207 2872 fle,

103 2911 156 2952 so
183 2905 354 2966 quae
409 2882 588 2946 clara
643 2881 776 2946 sint
827 2883 975 2966 ipsa
1026 2904 1142 2966 per
1195 2904 1361 2965 sese,
1415 2881 1600 2965 quasi
1644 2880 2019 2965 praestigiis
2068 2881 2206 2964 qui-

183 2971 464 3035 busdam
519 2972 585 3033 et
642 2970 1048 3053 captionibus
1094 2971 1510 3054 depellamur.
1606 2968 1672 3034 N
1674 2991 1780 3034 am
1835 2970 1947 3053 qui
1998 2969 2209 3034 voluit

184 3057 532 3122 subvenire
587 3058 912 3123 erroribus
961 3057 1336 3141 [Epicurus]
1385 3056 1493 3141 iis,
1547 3057 1659 3141 qui
1713 3057 2013 3122 videntur
2056 3079 2205 3123 con·

181 3147 450 3211 turbare
494 3146 634 3211 veri
678 3146 1143 3231 cognitionem,
1189 3146 1479 3228 dixitque
1522 3145 1835 3228 sapientis
1882 3166 2022 3210 esse
2066 3144 2205 3228 opi-

183 3235 450 3299 nionem
489 3256 528 3298 a
561 3234 1024 3335 perspicuitate
1061 3235 1416 3318 seiungere,
1451 3233 1619 3297 nihil
1653 3233 1955 3317 profecit3
1993 3232 2203 3315 ipsius

106 3351 158 3393 ³5
184 3322 360 3387 enim
406 3321 730 3405 opinionis
779 3343 1061 3388 errorem
1102 3322 1283 3387 nullo
1332 3320 1526 3386 modo
1574 3320 1855 3386 sustulit.
2230 3369 2313 3432 15

320 3411 533 3487 Quam
605 3409 689 3476 ob
762 3431 924 3494 rem,
988 3431 1135 3475 cum
1200 3409 1365 3474 duae
1429 3429 1659 3473 causae
1721 3407 2078 3491 perspicuis
2142 3408 2209 3470 et
2241 3445 2311 3494 46

183 3498 593 3564 evidentibus
653 3498 849 3563 rebus
915 3498 1360 3584 adversentur,
1424 3496 1667 3561 auxilia
1726 3495 1999 3560 totidem
2054 3496 2205 3557 sunt
