2609 3884
593 168 728 223 ΜΒ.
765 168 836 225 11.
893 167 1048 225 GAP.
1087 175 1173 238 32,
1209 174 1295 223 33.
1354 175 1384 236 ς
1426 176 1735 228 102-107.
2095 174 2181 239 67

160 350 292 414 que
361 331 617 413 partem
680 330 1064 431 respondere
1136 331 1462 414 possimus
1528 337 1866 417 sequentes
1929 339 2185 401 tantum

160 417 379 501 mod0‚
425 418 595 502 quod
647 418 745 482 ita
789 418 1000 483 visum
1050 418 1163 501 sit,
1220 419 1373 483 dum
1432 420 1566 484 sine
1614 422 1914 507 adsensu3
1979 445 2185 508 neque

159 509 387 569 tamen
431 505 651 569 omnia
695 506 830 571 eius
875 506 1056 571 modi
1097 506 1239 571 visa
1284 507 1659 592 adprobari,
1716 509 1828 574 sed
1874 532 1976 595 ea,
2021 533 2185 594 quae

162 594 350 657 nulla
421 611 492 657 re
567 592 1050 677 impedirentur.
1156 593 1337 660 Haec
1411 596 1469 661 si
1538 597 1722 662 vobis
1793 620 1925 663 non
1994 620 2141 681 pro·
2190 610 2291 660 105

110 699 136 740 5
163 681 419 764 bamus,
463 680 598 746 sint
640 682 811 746 falsa
855 703 1029 768 sane,
1072 682 1395 748 invidiosa
1423 687 1595 748 certe
1631 706 1761 750 non
1800 690 1969 751 sunt.
2036 684 2189 751 Non

166 768 342 833 enim
388 769 598 833 lucem
643 770 972 854 eripimus,
1032 770 1143 836 sed
1189 793 1281 854 ea,
1328 793 1491 855 quae
1536 794 1651 837 108
1701 772 1972 858 ‘percipi
2016 796 2185 839 com-

164 856 647 941 prehendique',
691 858 916 922 eadem
959 878 1101 943 nos,
1145 858 1202 923 si
1246 859 1437 923 modo
1482 860 1851 943 probabilia
1886 861 2037 948 sint,
2075 860 2187 927 11-

170 944 331 1009 deri’
380 944 675 1010 dicimus,

301 1030 410 1097 Sic
470 1033 674 1117 igitur
733 1033 1000 1099 inducto
1056 1038 1123 1098 et
1175 1035 1528 1100 constituto
1575 1035 1931 1121 probabili,
1998 1041 2064 1101 et
2112 1059 2185 1102 eo
2208 1038 2291 1103 33

86 1140 141 1179 ιο
167 1120 428 1205 quidem
509 1121 838 1205 expeditO,
919 1122 1165 1204 solut0,
1243 1122 1485 1206 libere,
1561 1124 1743 1187 nulla
1821 1146 1891 1188 re
1970 1124 2185 1207 impli-

169 1216 347 1292 cato,
404 1207 585 1272 vides
630 1208 946 1293 profecto,
1004 1210 1298 1292 Luculle,
1361 1210 1570 1275 iacere
1614 1211 1747 1275 iam
1792 1211 1958 1276 illud
2001 1215 2187 1277 tuum

165 1295 652 1380 perspicuitatis
697 1297 1148 1380 patrocinium.
1235 1260 1476 1362 Iisdem
1525 1299 1697 1363 8111111
1754 1298 1862 1364 1110
1908 1300 2185 1385 sapiens,

168 1385 246 1448 de
293 1405 420 1467 quo
465 1384 713 1469 loquor,
759 1385 980 1469 0011118,
1027 1386 1260 1469 quibus
1305 1386 1431 1451 iste
1467 1389 1698 1466 vester,
1746 1388 2012 1469 caelum,
2056 1390 2185 1452 ter-

166 1495 335 1556 ram,
399 1494 577 1536 mare
622 1472 1004 1555 intuebitur,
1064 1474 1294 1538 iisdem
1342 1474 1634 1538 sensibus
1680 1438 1957 1558 ieliqua,
2022 1497 2185 1559 quae

84 1578 138 1620 15
167 1561 286 1626 sub
326 1581 640 1645 quemque
669 1582 928 1625 sensum
957 1560 1210 1645 cadunt,
1255 1562 1511 1625 sentiet.
1572 1560 1753 1626 Mare
1797 1562 1978 1645 illud,
2015 1562 2187 1646 quod

165 1670 340 1713 nunc
381 1648 645 1713 favonio
689 1652 996 1713 nascente
1040 1669 1436 1732 purpureum
1482 1648 1761 1733 videtur,
1819 1649 1989 1714 idem
2034 1649 2187 1714 111110

164 1739 394 1801 nostro
422 1735 766 1821 videbitur,
808 1758 928 1801 nec
962 1740 1184 1801 tamen
1221 1736 1638 1820 adsentietur,
1684 1737 1835 1820 quia
1859 1737 2186 1802 nobismet

165 1823 331 1908 ipsis
386 1824 578 1888 modo
625 1824 991 1890 caeruleum
1033 1823 1398 1901 videbatur,
1463 1845 1651 1888 mane
1694 1846 1940 1909 ravum,
1986 1824 2184 1909 quod-

169 1933 294 1996 que
337 1931 526 1995 nunc,
573 1933 700 1995 qua
737 1935 776 1976 a
803 1913 939 1976 sole
985 1912 1297 1995 conlucet,
1344 1911 1619 1976 albescit
1646 1915 1714 1976 et
1738 1913 1953 1977 vibrat
1999 1912 2183 1977 dissi-

85 2020 138 2059 20
166 2000 448 2082 mileque
493 2002 593 2064 est
635 2000 928 2082 proximo
975 2004 1042 2065 et
1087 1999 1459 2083 continenti,
1512 2002 1605 2078 ut,
1661 2000 1917 2065 etiamsi
1969 2000 2184 2083 possis

165 2088 489 2151 rationem
532 2086 818 2170 reddere,
863 2108 976 2152 cur
1018 2087 1088 2152 id
1125 2088 1394 2165 eveniat,
1438 2091 1658 2152 tamen
1692 2109 1825 2152 non
1867 2087 2079 2172 possis
2116 2087 2185 2151 id

164 2196 393 2240 verum
437 2195 597 2258 esse,
642 2137 818 2258 quod
858 2175 1198 2240 videbatur
1242 2175 1467 2259 0011118,
1514 2174 1866 2240 defendere.
1947 2175 2137 2240 Unde
2187 2187 2289 2237 106

163 2262 513 2345 memoria,
577 2262 634 2325 si
694 2262 862 2327 nihil
921 2262 1359 2347 percipimus?
1424 2263 1516 2327 sic
1577 2263 1749 2327 enim
1813 2264 2185 2347 quaerebas.

165 2349 382 2426 Quid?
429 2350 794 2414 meminisse
840 2350 982 2415 visa
1023 2350 1154 2415 nisi
1196 2371 1577 2433 comprensa
1618 2372 1752 2415 non
1793 2350 2184 2433 possumus?

88 2458 136 2499 25
165 2437 383 2514 Quid?
429 2437 819 2521 Polyaenus,
873 2438 982 2522 qui
1009 2458 1282 2523 magnus
1312 2437 1807 2502 mathematicus
1852 2437 2052 2502 fuisse
2091 2436 2187 2501 di-

165 2526 366 2610 citur,
428 2526 487 2589 is
540 2528 960 2610 posteaquam
1003 2524 1287 2609 Epicuro
1336 2525 1703 2590 adsentiens
1762 2527 1974 2589 totam
2039 2544 2188 2609 geo-

163 2614 474 2679 metriam
535 2614 773 2679 falsam
819 2635 958 2679 esse
1004 2612 1302 2697 credidit,
1363 2635 1519 2677 num
1575 2613 1691 2677 illa
1736 2612 1958 2691 etiam,
2023 2633 2185 2695 quae

166 2701 437 2785 sciebat,
483 2702 726 2767 oblitus
773 2700 918 2766 est?
1009 2699 1228 2787 Atqui,
1271 2701 1511 2765 falsum
1554 2700 1725 2783 quod
1772 2703 1889 2783 est,
1932 2662 1999 2764 id
2041 2720 2185 2782 per-

166 2789 301 2873 cipi
345 2809 480 2853 non
523 2793 770 2873 potest,
829 2793 907 2854 ut
950 2788 1272 2854 vobismet
1324 2788 1486 2872 ipsis
1539 2788 1772 2871 placet.
1862 2786 1933 2851 Si
1986 2787 2189 2871 igitur

93 2895 142 2937 30
166 2877 484 2943 memoria
553 2880 1000 2979 perceptarum
1062 2896 1714 2960 comprensarumque
1784 2896 2001 2941 rerum
2070 2880 2187 2959 est,

170 2965 420 3049 omnia,
485 2986 646 3049 quae
710 2965 980 3050 quisque
1039 2964 1358 3047 meminit,
1420 2962 1619 3028 habet
1675 2984 1753 3027 ea
1808 2984 2189 3048 comprensa

170 3056 365 3137 atque
430 3055 762 3153 percepta3
825 3052 980 3117 falsi
1036 3056 1255 3117 autem
1299 3049 1669 3134 comprendi
1730 3050 1899 3115 nihil
1950 3054 2187 3135 potest,

170 3144 236 3205 et
271 3141 493 3205 omnia
534 3139 833 3205 meminit
877 3139 1068 3205 Siron
1101 3138 1371 3223 Epicuri
1413 3138 1744 3224 dogmata3
1790 3161 1945 3204 vera
1986 3139 2188 3221 igitur

171 3228 286 3293 illa
331 3232 488 3293 sunt
531 3249 704 3293 nunc
749 3228 982 3292 omnia.
1026 3226 1170 3291 Hoc
1214 3248 1331 3309 per
1374 3248 1477 3290 me
1523 3226 1702 3311 licet3
1750 3226 1862 3291 sed
1907 3226 2029 3291 tibi
2074 3229 2188 3290 aut

102 3333 148 3375 35
173 3316 646 3381 concedendum
692 3319 791 3379 est
834 3316 932 3379 ita
976 3335 1144 3397 esse,
1191 3313 1361 3399 quod
1404 3314 1674 3378 minime
1718 3314 1847 3397 vis,
1905 3317 2019 3378 aut
2061 3333 2188 3375 me-

173 3405 450 3470 moriam
485 3403 651 3469 mihi
686 3403 984 3467 remittas
1012 3403 1270 3485 oportet
1305 3404 1372 3464 et
1407 3401 1651 3465 fateare
1682 3422 1821 3465 esse
1860 3401 1921 3465 ei
1954 3400 2185 3479 locum,

176 3492 429 3557 etiamsi
473 3490 962 3575 comprehensio
1024 3489 1476 3573 perceptioque
1534 3488 1715 3552 nulla
1731 3487 1876 3619 *sit
1977 3484 2142 3560 Quid
2190 3510 2289 3558 107

1688 3592 1720 3641 5
