2609 3884
711 154 848 208 ΠΒ»
885 154 928 209 1.
985 154 1141 211 GAP.
1179 160 1238 225 9,
1279 160 1362 210 10.
1418 159 1449 221 ς,
1485 159 1731 209 30—35.
2110 155 2235 219 105

200 312 474 380 dolores
539 319 603 381 et
666 338 826 399 quas
891 314 1228 381 molestias
1293 315 1622 398 excepturi
1687 316 1847 401 sint,
1911 318 2235 385 occaecati

202 402 570 486 cupiditate
613 425 745 468 non
788 404 1158 489 provident,
1205 403 1530 487 similique
1568 408 1717 469 sunt
1756 405 1826 469 in
1864 406 2079 489 culpa,
2124 406 2235 489 qui

201 490 434 555 officia
477 492 779 557 deserunt
813 491 1096 557 mollitia
1132 491 1358 574 animi,
1401 491 1470 556 id
1517 494 1617 556 est
1663 492 1961 557 laborum
2008 496 2075 557 et
2122 493 2229 558 do·

201 578 428 643 lorum
492 579 665 663 fuga.
755 577 847 645 Et
889 578 1124 645 harum
1179 577 1440 663 quidem
1492 600 1707 644 rerum
1749 580 1967 645 facilis
2013 584 2115 646 est
2168 584 2235 647 et

103 690 136 731 5
205 666 517 749 expedita
561 667 910 733 distinctio.
998 666 1172 733 Nam
1216 668 1418 732 libero
1464 670 1782 751 tempore,
1829 689 1973 733 cum
2021 670 2235 735 soluta

200 754 408 819 nobis
461 758 562 829 est
615 755 895 839 eligendi
951 756 1160 839 opti0,
1219 775 1490 838 cumque
1540 754 1710 819 nihil
1754 755 2051 840 impedit,
2107 778 2234 841 quo

201 842 430 907 minus
493 842 586 925 id,
660 843 830 926 quod
906 844 1186 908 maxime
1249 843 1537 927 placeat,
1611 842 1823 908 facere
1892 845 2236 929 possimuS,

203 929 427 996 omnis
470 932 772 1014 voluptas
817 931 1204 997 assumenda
1247 935 1373 1014 est,
1431 930 1641 995 omnis
1682 930 1868 996 dolor
1918 931 2240 1016 depellens

201 1018 355 1083 dus.
459 1018 884 1102 Temporibus
949 1022 1168 1084 autem
1235 1019 1621 1102 quibusdam
1684 1021 1754 1083 et
1816 1023 1931 1084 aut
2003 1020 2233 1091 officiis

106 1132 168 1173 10
201 1105 452 1171 debitis
499 1110 613 1171 aut
653 1129 871 1172 rerum
924 1107 1425 1172 necessitatibus
1479 1128 1673 1190 saepe
1729 1108 2006 1192 eveniet,
2051 1111 2127 1173 ut
2171 1112 2237 1173 et

199 1194 583 1277 voluptates
644 1194 1080 1280 repudiandae
1144 1194 1281 1259 sint
1344 1197 1411 1259 et
1473 1194 1811 1260 molestiae
1871 1216 2005 1261 non
2059 1217 2235 1261 recu-

203 1281 469 1348 sandae.
564 1281 794 1367 Itaque
849 1304 1072 1348 earum
1123 1304 1342 1348 rerum
1394 1281 1504 1346 hic
1558 1285 1815 1348 tenetur
1860 1306 1901 1349 a
1944 1284 2236 1367 sapiente

201 1369 515 1449 dilectus,
567 1373 645 1435 ut
698 1374 812 1436 aut
855 1370 1194 1435 reiciendis
1255 1370 1700 1454 voluptatibus
1745 1372 2025 1436 maiores
2072 1372 2233 1436 alias

203 1463 639 1544 consequatur
694 1461 810 1524 aut
860 1458 1256 1543 perferendis
1320 1457 1653 1523 doloribus
1718 1460 2081 1542 asperiores
2139 1482 2237 1525 re·
2282 1505 2286 1509 «

110 1573 169 1614 15
199 1547 437 1630 pellat.
530 1546 720 1613 Hanc
773 1566 896 1631 ego
950 1568 1096 1611 cum
1147 1549 1407 1611 teneam
1462 1547 1879 1630 sententiam,
1937 1546 2089 1630 quid
2134 1551 2235 1613 est
2270 1561 2341 1611 34

205 1656 330 1699 cur
372 1655 624 1717 verear,
668 1657 752 1701 ne
797 1635 880 1700 ad
916 1656 1059 1705 eam
1093 1656 1227 1699 non
1269 1634 1517 1718 possim
1554 1634 2041 1699 accommodare
2076 1633 2234 1700 Tor·

207 1725 450 1806 quatos
491 1722 796 1789 nostros?
849 1743 1010 1807 quos
1055 1725 1128 1787 tu
1186 1722 1383 1806 paulo
1441 1725 1590 1786 ante
1651 1742 1797 1786 cum
1842 1723 2235 1807 memoriter,

203 1812 356 1875 tum
402 1810 599 1875 etiam
645 1830 804 1895 erga
845 1830 966 1875 nos
1005 1810 1208 1875 amice
1255 1813 1323 1875 et
1377 1810 1680 1877 benivole
1721 1810 2074 1895 collegisti,
2117 1833 2249 1895 nec¹

205 1919 317 1962 me
363 1901 582 1963 tamen
624 1898 964 1965 laudandis
999 1898 1357 1964 maioribus
1392 1898 1555 1963 meis
1592 1898 1939 1981 corrupisti
1974 1920 2094 1964 nec
2138 1921 2235 1965 se·

117 2012 176 2053 so
207 1986 512 2070 gniorem
569 1985 650 2050 ad
702 1986 1222 2071 respondendum
1274 1984 1632 2051 reddidisti.
1723 1984 2012 2063 Quorum
2061 1986 2237 2053 facta

208 2095 407 2158 quem
463 2074 544 2139 ad
597 2074 882 2153 modum,
939 2096 1206 2159 quaeso,
1258 2073 1758 2157 interpretaris?
1861 2072 2073 2140 Sicine
2124 2096 2235 2141 eos

208 2183 436 2227 censes
492 2165 606 2227 aut
653 2162 728 2235 'in
783 2166 1116 2227 armatum*
1159 2162 1416 2227 hostem
1469 2162 1789 2245 impetum
1845 2162 2077 2229 fecisse
2124 2167 2239 2228 aut

207 2251 280 2315 in
349 2249 590 2315 liberos
655 2254 846 2334 atque
908 2251 981 2315 in
1044 2250 1427 2335 sanguinem
1491 2272 1679 2315 suum
1754 2252 1893 2314 tam
1962 2250 2235 2315 crudelis

205 2338 442 2422 fuisse,
481 2338 648 2403 nihil
691 2342 767 2403 ut
810 2338 890 2405 de
932 2338 1354 2421 utilitatibus,
1406 2337 1574 2403 nihil
1629 2341 1703 2401 ut
1756 2337 1835 2402 de
1880 2338 2235 2405 commodis

123 2452 178 2495 25
209 2426 353 2491 suis
407 2425 815 2510 cogitarent?
913 2425 1006 2491 At
1057 2426 1125 2491 id
1176 2448 1258 2491 ne
1301 2425 1479 2491 ferae
1526 2423 1784 2509 quidem
1828 2424 2103 2509 faciunt,
2161 2429 2237 2490 ut

206 2515 308 2579 ita
352 2518 546 2578 ruant
589 2514 809 2599 itaque
853 2515 1145 2596 turbent,
1191 2518 1290 2597 ut,
1338 2535 1559 2577 earum
1594 2516 1811 2578 motus
1851 2515 1917 2577 et
1949 2514 2233 2596 impetus

208 2624 340 2687 quo
411 2601 806 2686 pertineant,
867 2624 1002 2667 non
1061 2602 1542 2687 intellegamus3
1610 2603 1705 2665 tu
1737 2605 1878 2665 tam
1934 2602 2233 2686 egregios

205 2691 391 2755 viros
455 2710 676 2759 censes
737 2692 960 2755 tantas
1021 2712 1128 2756 res
1183 2690 1464 2775 gessisse
1518 2689 1656 2754 sine
1710 2688 1947 2754 causa?
2057 2687 2235 2764 Quae
2271 2706 2339 2757 35

205 2778 409 2843 fuerit
472 2799 692 2862 causa,
756 2800 907 2844 mox
959 2778 1207 2862 vider03
1261 2778 1513 2843 interea
1562 2775 1690 2841 hoc
1732 2776 1967 2842 tenebo
1976 2826 1994 2861 ,
2050 2777 2106 2842 si
2150 2777 2236 2843 ob

126 2892 180 2933 ³0
211 2866 505 2950 aliquam
551 2888 812 2931 causam
855 2867 1009 2951 ista,
1057 2888 1220 2951 quae
1267 2866 1429 2931 sine
1452 2865 1649 2930 dubio
1689 2865 2024 2949 praeclara
2069 2868 2237 2950 sunt,

207 2955 514 3039 fecerint,
551 2954 866 3024 virtutem
909 2954 991 3019 iis
1035 2976 1151 3038 per
1197 2976 1264 3018 se
1300 2954 1510 3037 ipsam
1547 2974 1809 3018 causam
1847 2973 1977 3020 non
2013 2953 2235 3020 fuisse.

215 3079 296 3091 -
338 3042 662 3127 Torquem
705 3042 986 3108 detraxit
1028 3041 1223 3107 hosti.
1264 3076 1342 3089 --
1381 3039 1473 3105 Et
1510 3041 1766 3125 quidem
1811 3061 1879 3105 se
1923 3042 2108 3126 texit,
2153 3063 2235 3106 ne

209 3132 530 3195 interiret.
571 3166 648 3177 -
688 3129 785 3195 At
818 3140 1123 3215 magnum
1166 3129 1525 3213 periculum
1572 3129 1752 3194 adiit.
1788 3164 1877 3176 -—
1911 3128 1991 3193 In
2031 3130 2234 3194 oculis

209 3219 476 3303 quidem
521 3219 856 3284 exercitus.
902 3255 988 3267 —
1034 3217 1204 3295 Quid
1257 3240 1336 3283 ex
1394 3238 1469 3283 eo
1528 3222 1630 3281 est
1673 3216 2102 3283 consecutus?
2150 3252 2231 3265 --

129 3334 181 3375 35
209 3306 502 3371 Laudem
555 3309 622 3371 et
675 3304 1038 3389 caritatem,
1099 3327 1257 3390 quae
1303 3308 1467 3371 sunt
1500 3305 1677 3370 vitae
1726 3306 1864 3369 sine
1908 3307 2087 3369 metu
2132 3304 2236 3369 de-

211 3396 460 3481 gendae
514 3395 838 3478 praesidia
881 3356 1273 3459 firm'issima.
1318 3430 1407 3442 —-
1448 3392 1692 3458 Filium
1746 3395 1955 3458 morte
2000 3393 2235 3457 multa-

210 3484 324 3551 vit.
370 3519 462 3529 —-
508 3480 578 3547 Si
632 3482 773 3547 sine
817 3504 1038 3567 causa,
1089 3482 1335 3549 nollem
1390 3502 1494 3546 me
1548 3481 1629 3545 ab
1678 3502 1754 3546 eo
1803 3484 2043 3564 ortum,
2096 3482 2234 3543 tam
