2609 3884
338 165 423 229 86
1112 163 1571 256 FRAGMENTA

336 328 467 410 cipi
527 326 763 411 possit,
828 325 1243 391 vehementer
1308 327 1652 390 adsentior.
1752 325 2010 410 Habeo,
2074 327 2362 410 inquam,

338 416 728 480 sententiam
779 419 961 479 tuam
1019 435 1138 478 nec
1204 435 1349 478 eam
1405 413 1749 479 admodum
1805 435 2129 498 aspernor.
2233 413 2361 479 Sed

336 503 461 567 tibi
506 503 659 587 quid
704 502 971 568 tandem
1006 502 1290 586 videtur,
1335 501 1691 567 Hortensi?
1763 501 1928 566 Tum
1964 503 2078 567 ille
2115 502 2361 567 ridens:

337 590 743 656 Tollendum.
832 590 1047 655 Teneo
1095 595 1189 674 te,
1250 591 1544 674 inquam3
1597 612 1750 654 nam
1796 591 1926 654 ista
1970 590 2362 655 Academiae

339 683 440 743 est
495 678 763 763 propria
818 679 1157 743 sententia.
1246 677 1352 742 Ita
1411 699 1702 742 sermone
1749 679 2043 743 confecto
2091 677 2361 744 Catulus
2389 701 2417 743 ε

338 768 678 851 remansit,
722 788 843 832 nos
891 768 973 831 ad
1017 767 1348 831 naviculas
1395 769 1653 832 nostras
1703 765 2164 832 descendimus,

976 1152 1725 1230 FRAGMENTA

650 1326 1365 1394 AOADEMICORUM
1409 1326 2048 1413 POSTERIORUM,

1210 1484 1410 1539 LIBRI
1442 1484 1485 1538 1.

481 1597 536 1660 1.
583 1595 831 1660 Nouius
862 1616 933 1677 Ρ.
969 1596 1069 1660 65.
1108 1599 1189 1658 11
1231 1592 1600 1676 Diyladiari
1641 1593 1873 1657 dictum
1917 1597 2008 1658 est
2046 1594 2369 1662 dissentire
2397 1619 2454 1658 10

341 1691 400 1750 et
458 1685 774 1762 dissidere,
836 1684 1068 1748 dictum
1134 1703 1177 1746 a
1232 1682 1482 1764 yladiis.
1589 1678 1796 1746 Oicero
1859 1681 2370 1747 Academicorum

344 1774 443 1838 lib.
498 1772 549 1838 I
552 1793 573 1836 .·
648 1769 819 1848 Quid
884 1775 1104 1834 autem
1168 1768 1611 1834 stomachatur
1672 1767 2139 1833 Mnesarchus?
2214 1770 2370 1853 quid

342 1860 689 1944 Antipater
734 1858 1129 1944 digladiatur
1176 1880 1320 1922 cum
1365 1855 1694 1922 Carneade
1741 1859 1843 1920 tot
1887 1857 2369 1922 voluminibus}>

476 1949 536 2013 2.
583 1948 748 2013 Nou.
778 1968 844 2028 Ρ.
879 1951 982 2011 43.
1026 1951 1117 2012 28
1160 1945 1338 2010 Idem
1383 1947 1454 2008 iu
1489 1944 1876 2010 Academicis
1921 1945 2023 2010 lib.
2067 1945 2144 2009 I:
2217 1945 2372 2021 Qui-

346 2059 493 2100 cum
557 2034 984 2100 similitudine
1049 2033 1230 2098 verbi
1309 2033 1646 2098 concinere
1720 2032 1999 2098 maxime
2074 2033 2201 2098 sibi
2274 2035 2368 2098 vi·
2400 2059 2453 2100 15

345 2125 619 2188 deretur.

1201 2240 1402 2295 LIBRI
1435 2241 1503 2294 ΙΙ.

478 2353 539 2418 3.
586 2350 750 2417 Non.
788 2371 852 2434 Ρ.
900 2351 998 2416 65.
1042 2355 1127 2416 18
1180 2349 1431 2431 Aequor
1445 2402 1458 2415 .
1473 2349 1550 2413 ab
1595 2369 1785 2431 aequo
1831 2354 1890 2414 et
1918 2350 2117 2432 plano
2161 2348 2373 2416 Cicero

346 2441 853 2508 Academicorum
915 2438 1018 2504 lib.
1071 2437 1164 2503 II
1238 2437 1595 2502 vocabulum
1658 2439 1952 2520 accepisse
2012 2438 2372 2520 coufirmat:

349 2529 517 2607 Quid
571 2534 707 2592 tam
761 2528 1030 2612 planum
1083 2526 1342 2591 videtur
1395 2547 1587 2609 quam
1633 2525 1857 2589 mare?
1916 2547 1952 2590 e
1996 2548 2122 2610 quo
2170 2527 2370 2591 etiam
2400 2551 2453 2592 20

347 2640 587 2703 aequor
631 2617 793 2681 illud
837 2618 1066 2701 poetae
1112 2617 1368 2680 vocant.

478 2707 541 2770 4.
586 2705 751 2770 Non.
806 2724 871 2787 Ρ.
919 2709 1018 2770 69.
1066 2709 1107 2769 6
1158 2704 1498 2767 Adamare.
1597 2699 1805 2767 Cicero
1860 2702 2372 2767 Academicorum

349 2795 448 2859 lib.
493 2793 611 2859 II:
712 2792 837 2868 Qui
892 2792 1065 2856 enim
1120 2792 1324 2856 serius
1379 2791 1660 2855 honores
1717 2790 2209 2874 adamaverunt,
2264 2792 2375 2855 vix

348 2881 782 2946 admittuntur
828 2879 908 2942 ad
955 2900 1065 2944 eos
1111 2899 1229 2943 nec
1276 2879 1438 2942 satis
1489 2878 1920 2943 commendati
1965 2878 2373 2943 multitudini

346 2970 622 3054 possunt
667 2988 824 3030 esse.
2403 2993 2458 3034 25

482 3056 543 3120 5.
590 3055 752 3118 Non.
780 3074 847 3137 Ρ.
883 3057 1025 3118 104.
1062 3058 1102 3117 1
1146 3053 1475 3136 Experiere
1506 3073 1628 3135 Ρνο
1673 3053 1948 3137 exempla-
1992 3053 2136 3120 boni
2180 3060 2374 3120 osteu-

349 3150 495 3209 tare.
596 3139 803 3208 Cicero
848 3140 1235 3206 Academicis
1266 3141 1381 3208 lib.
1435 3140 1530 3206 II
1529 3161 1554 3204 .·
1624 3139 1951 3227 Frangere
2011 3143 2378 3226 avaritiam,

351 3231 594 3296 scelera
645 3251 909 3313 ponere,
963 3230 1165 3294 vitam
1228 3251 1415 3294 suam
1470 3250 1786 3313 exponere
1844 3230 1925 3295 ad
1987 3230 2377 3294 imitandum

351 3319 688 3384 iuventuti.

484 3407 544 3472 6.
581 3406 746 3471 Non.
772 3426 840 3488 Ρ.
872 3409 1016 3472 121.
1044 3409 1125 3470 31
1161 3403 1364 3470 Hebes
1387 3406 1665 3487 positum
1689 3426 1811 3488 Ρνο
1847 3405 2094 3471 obscuro
2130 3411 2242 3472 aut
2278 3407 2377 3472 ob·
2407 3435 2466 3475 so

353 3499 501 3560 tuso,
593 3490 798 3560 Cicero
835 3493 1123 3559 Academ.
1170 3493 1271 3557 lib.
1317 3493 1437 3557 II:
1483 3491 1696 3568 Quid?
1741 3494 1930 3558 lunae
1973 3515 2140 3577 quae
2183 3495 2377 3559 linia-

1352 3791 1501 3858 fx
