2609 3884
257 280 343 405 ἐξ

366 147 447 211 18
801 142 1386 200 ACADE'MICORUM
1419 142 1940 200 POSTERIORUM

508 308 687 385 Quae
771 327 916 371 cum
999 305 1301 388 dixisset,
1382 304 1682 370 Breviter
1762 327 1914 370 sane
1993 305 2390 391 minimeque

365 397 634 462 obscure
681 395 976 478 exposita
1023 397 1151 478 est,
1192 393 1489 477 inquam,
1535 415 1575 457 a
1616 397 1711 474 te,
1754 391 1994 478 Varro,
2040 399 2107 458 et
2150 396 2392 460 veteris

363 483 751 550 Academiae
814 483 982 546 ratio
1049 485 1115 545 et
1171 479 1553 546 Stoicorum.
1655 479 1906 545 Horum
1965 503 2107 546 6336
2171 486 2394 547 81116111

301 613 310 618 -
365 572 671 654 arbitror,
706 573 780 636 ut
825 568 1179 648 Antiocho,
1225 573 1452 634 nostro
1495 569 1834 646 familiari,
1878 570 2206 654 placebat,
2252 593 2392 636 cor-

262 1115 330 1163 44

266 2175 336 2224 45

270 3486 338 3536 46

363 661 713 726 rectionem
758 658 994 722 veteris
1039 657 1427 722 Academiae
1470 657 1692 741 potius
1744 679 1937 741 quam
1983 680 2220 724 novam
2268 659 2389 724 ali·
2446 686 2473 726 5

366 770 562 834 quam
608 747 1015 830 disciplinam
1059 745 1435 829 putandam.
1518 744 1687 809 Tum
1727 745 1967 811 Varro:
2016 744 2191 811 Tuae
2241 750 2397 812 sunt

365 858 534 902 nunc
567 839 808 920 partes,
835 833 1066 918 inquit,
1105 833 1216 918 qui
1247 834 1331 899 ab
1368 833 1779 917 antiquorum
1805 832 2057 900 ratione
2084 835 2393 920 desciscis

367 930 434 990 et
480 945 581 1008 ca,
641 943 802 1007 quae
849 922 932 987 ab
987 920 1282 986 Arcesila
1324 925 1567 987 novata
1614 925 1790 1006 311111,
1834 923 2100 1006 probaS,
2143 922 2395 1006 docere,

367 1012 538 1097 quod
611 1016 677 1075 et
749 1032 878 1094 qua
947 1009 1027 1074 de
1101 1031 1297 1074 causa
1370 1009 1709 1074 discidium
1792 1009 2037 1075 factum
2120 1010 2233 1096 sit,
2318 1015 2396 1075 111

367 1101 725 1182 videamus,
783 1097 1024 1162 satisne
1077 1097 1210 1162 ista
1261 1097 1352 1162 sit
1409 1098 1585 1162 iusta
1631 1096 1921 1164 defectio.
2026 1061 2233 1163 Tum
2242 1118 2394 1183 636.
2426 1126 2481 1165 ιο

370 1185 535 1252 Cum
588 1185 884 1269 Zenone,
945 1185 1238 1269 inquam,
1299 1187 1375 1250 ut
1429 1185 1817 1270 accepimus,
1879 1185 2209 1251 Arcesilas
2265 1187 2395 1251 sibi

369 1297 558 1342 omne
621 1277 948 1340 certamen
1009 1273 1325 1358 instituit,
1384 1295 1519 1339 non
1579 1274 1935 1356 pertinacia
1997 1279 2111 1339 aut
2174 1275 2394 1340 studio

368 1363 690 1445 vincendi,
746 1365 822 1427 ut
881 1360 1045 1426 mihi
1098 1361 1359 1444 quidem
1401 1361 1683 1440 videtur,
1738 1361 1850 1426 sed
1904 1383 2124 1426 earum
2175 1383 2395 1428 rerum

371 1451 790 1530 obscuritate,
865 1471 1028 1533 quae
1103 1449 1185 1513 ad
1250 1448 1725 1514 confessionem
1784 1450 2212 1534 ignorationis
2284 1451 2395 1514 ad-

372 1541 688 1604 duxerant
725 1536 1059 1603 Socratem
1098 1540 1164 1601 et
1199 1537 1334 1601 iam
1371 1541 1522 1602 ante
1560 1534 1893 1602 Socratem
1927 1527 2394 1623 Democritum,
2425 1565 2481 1605 15

369 1628 856 1712 Anaxagoram,
900 1624 1389 1709 Empedoclem,
1440 1646 1664 1690 omnes
1709 1646 1913 1727 paene
1959 1629 2235 1711 veteres,
2281 1629 2397 1711 qui

371 1716 538 1781 nihil
583 1714 913 1800 cognosci,
948 1712 1114 1777 nihil
1149 1713 1422 1797 percipi,
1454 1713 1623 1777 nihil
1660 1714 1811 1778 sciri
1845 1735 2039 1797 posse
2074 1715 2396 1800 dixerunt,

374 1806 686 1888 angustos
742 1822 997 1884 36113113,
1050 1800 1414 1866 imbecillos
1460 1801 1746 1885 animos,
1798 1802 2023 1866 brevia
2077 1803 2398 1868 curricula

371 1893 572 1970 vitae,
633 1893 726 1973 et,
768 1892 844 1953 ut
887 1888 1327 1972 Democritus,
1379 1888 1448 1952 in
1502 1889 1818 1972 profundo
1864 1889 2205 1955 veritatem
2250 1913 2395 1956 6336

372 1978 760 2061 demersam,
797 1975 1210 2059 opinionibus
1248 1980 1315 2040 et
1347 1976 1667 2041 institutis
1706 1978 1925 2042 omnia
1958 1979 2183 2062 teneri,
2224 1979 2394 2044 nihil
2422 2007 2481 2045 20

370 2065 630 2131 veritati
689 2062 996 2146 relinqui,
1055 2062 1329 2146 denique
1387 2065 1608 2128 omnia
1664 2065 1949 2130 tenebris
2004 2066 2395 2132 circumfusa

375 2174 513 2217 6336
563 2152 934 2234 [dixerunt]
1022 2149 1250 2234 Itaque
1294 2151 1625 2217 Arcesilas
1677 2155 1964 2238 negabat
2016 2175 2157 2219 esse
2212 2155 2395 2238 quid-

374 2261 594 2325 quam,
658 2239 830 2323 quod
903 2238 1053 2304 sciri
1125 2241 1379 2323 posset,
1446 2261 1529 2305 ne
1600 2240 1759 2304 illud
1830 2240 2088 2342 quidem
2158 2243 2396 2328 ipsum,

372 2328 544 2412 quod
588 2325 884 2392 Socrates
933 2327 1057 2390 sibi
1103 2327 1504 2411 reliquisset3
1550 2328 1643 2392 sic
1681 2328 1896 2393 omnia
1939 2330 2138 2394 latere
2176 2352 2390 2396 cense-

371 2416 489 2481 bat
531 2416 601 2479 in
646 2415 930 2499 occult03
973 2436 1180 2500 neque
1217 2436 1360 2479 6336
1408 2377 1785 2500 quidquam,
1836 2418 2005 2500 quod
2050 2418 2225 2483 cerni
2278 2423 2395 2484 aut
2421 2444 2476 2486 25

371 2504 670 2590 intellegi
704 2507 952 2587 posset3
999 2502 1232 2587 quibus
1277 2502 1356 2567 de
1394 2503 1603 2568 causis
1640 2504 1808 2569 nihil
1843 2509 2142 2588 oportere
2185 2527 2393 2592 neque

372 2592 664 2677 profiteri
699 2613 906 2676 neque
943 2591 1284 2656 adfirmare
1330 2612 1717 2676 quemquam
1758 2613 1964 2677 neque
2010 2592 2395 2660 adsensione

373 2681 734 2764 approbare
781 2679 1208 2764 cohibereque
1255 2701 1507 2762 semper
1552 2683 1618 2744 et
1664 2680 1745 2744 ab
1794 2681 1973 2745 omni
2016 2681 2207 2766 lapsu
2243 2703 2393 2747 con-

371 2769 578 2832 tinere
624 2767 1085 2851 temeritatem,
1131 2789 1294 2851 quae
1339 2771 1483 2832 tum
1528 2771 1698 2832 esset
1740 2767 2042 2853 insignite,
2090 2791 2235 2834 cum
2280 2774 2397 2835 aut

372 2854 542 2919 falsa
586 2858 700 2918 aut
744 2855 1082 2936 incognita
1116 2875 1219 2918 res
1259 2855 1752 2939 approbaretur,
1794 2875 2000 2939 neque
2042 2855 2167 2922 hoc
2212 2857 2393 2941 quid·
2420 2885 2474 2924 30

375 2962 568 3042 quam
613 2962 754 3005 esse
797 2941 1052 3024 turpius
1098 2961 1294 3024 quam
1332 2942 1693 3026 cognitioni
1728 2947 1795 3008 et
1837 2945 2237 3028 perceptioni
2284 2946 2395 3010 ad-

375 3029 742 3102 sensionem
771 3027 1431 3113 approbationemque
1462 3052 1891 3113 praecurrere.
1954 3031 2126 3097 Huic
2153 3034 2396 3099 rationi

375 3115 547 3200 quod
593 3119 732 3180 erat
776 3118 1308 3200 consentaneum,
1351 3117 1657 3202 faciebat,
1708 3122 1783 3183 ut
1828 3124 2057 3185 contra
2101 3122 2395 3186 omnium

375 3203 734 3268 sententias
791 3202 1110 3269 disserens
1167 3203 1244 3268 d'e
1299 3227 1419 3270 sua
1481 3205 1823 3308 plerosque
1882 3207 2248 3294 deduceret,
2302 3213 2395 3292 ut,

375 3314 519 3357 cum
555 3291 628 3355 in
663 3290 886 3356 eadem
921 3313 992 3356 re
1026 3293 1214 3375 paria
1248 3294 1591 3360 contrariis
1629 3294 1699 3359 in
1733 3294 2025 3378 partibus
2063 3301 2397 3362 momenta
2425 3323 2479 3364 3⁵

374 3380 700 3443 rationum
753 3379 1220 3462 invenirentur,
1271 3381 1527 3446 facilius
1584 3382 1665 3446 ab
1721 3386 1995 3467 utraque
2053 3387 2237 3466 parte
2286 3385 2395 3449 ad·

378 3467 592 3534 3611316
640 3467 1078 3533 sustineretur.
1178 3466 1364 3532 Η8116
1416 3467 1836 3548 Academiam
1886 3491 2123 3535 novam
2180 3474 2399 3556 appel-

2589 775 2595 1006 1
