2609 3884
285 323 354 373 4⁷

287 2228 369 2293 18

285 2306 353 2355 48
395 2339 410 2354 .

389 148 520 213 256
710 149 809 204 ΒΕ
844 148 1136 205 FINIBUS
1170 146 1535 204 BONORUM
1566 148 1663 203 ΕΤ
1700 147 2067 204 MALORUM

392 312 559 397 quod
599 311 966 377 universum
1011 315 1278 396 propter
1314 332 1383 375 se
1420 314 1776 396 expetatur.
1854 309 2065 388 Quid?
2109 311 2181 377 in
2226 314 2409 377 motu

391 403 458 465 et
501 400 574 465 in
617 404 794 465 statu
849 399 1139 483 corporis
1192 399 1362 464 nihil
1413 398 1616 483 inest,
1670 399 1845 485 quod
1898 400 2407 465 animadverten-

393 489 544 553 dum
589 509 732 553 esse
773 487 923 572 ipsa
963 492 1203 551 natura
1247 487 1532 552 iudicet?
1593 508 1801 589 quem·
1828 487 1911 552 ad
1952 487 2219 553 modum
2265 488 2407 572 quis

392 577 709 660 ambulet,
754 576 999 654 sedeat,
1045 576 1158 659 qui
1201 575 1431 640 ductus
1479 575 1640 659 oris,
1693 576 1805 660 qui
1862 576 2081 641 vultus
2138 576 2219 639 in
2254 598 2409 659 quo·

393 687 521 751 que
555 664 685 730 sit?
729 663 978 729 nihilne
1015 668 1118 728 est
1149 664 1222 728 in
1263 663 1371 728 1113
1414 663 1637 747 rebus,
1682 664 1856 747 quod
1892 664 2171 748 dignum:
2200 664 2408 729 libero
2434 690 2461 730 3
2584 728 2587 737 ,

393 757 510 818 aut
569 752 908 837 indignum
969 773 1112 817 esse
1175 750 1529 817 ducamus?
1641 749 1881 817 Nonne
1944 752 2093 819 od-io
2164 752 2409 817 multos

391 842 630 926 dignos
673 844 1002 924 putamus,
1049 840 1160 924 qui
1205 840 1486 923 quodam
1522 842 1705 905 motu
1740 844 1855 905 aut
1890 844 2075 905 stam
2107 840 2410 905 videntur-

389 934 662 995 naturae
704 930 916 1014 legem
963 930 1029 993 et
1073 928 1335 993 modum
1382 928 1888 1011 contempsisse?
1965 928 2057 993 Et
2101 929 2409 1012 quoniam

389 1018 553 1083 haec
605 1016 1006 1082 deducuntur
1059 1015 1137 1081 de
1191 1037 1489 1101 corpore,
1541 1016 1696 1101 quid
1748 1019 1851 1081 est
1904 1036 2018 1082 cur
2060 1038 2193 1081 non
2236 1019 2409 1081 recte

391 1103 802 1191 pulchritudo
841 1104 1039 1169 etiam
1083 1104 1228 1188 ipsa
1268 1108 1537 1188 propter
1574 1126 1645 1169 se
1689 1104 2051 1188 expetenda
2092 1104 2407 1169 ducatur?
2438 1130 2493 1171 ιο

390 1193 565 1261 Nam
603 1192 662 1258 si
705 1193 1096 1277 pravitatem
1130 1193 1781 1277 imminutionemque
1818 1193 2118 1277 corporis·
2142 1197 2413 1277 propter

391 1303 463 1349 se
514 1280 886 1367 fugiendam
942 1284 1273 1365 putamuS,
1340 1303 1453 1347 cur
1514 1302 1659 1347 non·
1702 1281 1927 1365 etiam,
1990 1302 2067 1345 ac
2127 1280 2411 1347 fortasse

391 1370 628 1455 magis,
693 1372 960 1454 propter
1013 1390 1082 1433 se
1135 1368 1383 1433 formae
1438 1369 1826 1453 dignitatem
1890 1369 2281 1453 sequamur?
2342 1372 2413 1433 et

391 1460 449 1525 si
511 1457 974 1543 turpitudinem
1035 1457 1323 1542 fugimus
1388 1457 1458 1523 in
1520 1460 1698 1523 statu
1752 1461 1825 1522 et
1872 1461 2057 1523 motu
2100 1458 2412 1541 corporis,

388 1546 546 1633 quid
601 1550 702 1613 est
755 1568 869 1611 cur
919 1544 1463 1629 pulchritudinem
1516 1567 1650 1610 non
1704 1545 2088 1630 sequamur?
2191 1545 2409 1631 Atque
2438 1572 2493 1613 15

388 1636 592 1701 etiam
661 1633 1096 1699 valetudinem
1112 1684 1130 1717 ,
1206 1635 1377 1699 vires
1395 1683 1414 1717 ,
1493 1633 1887 1699 vacuitatem
1957 1634 2200 1699 doloris
2272 1656 2411 1699 non

389 1728 658 1808 propter
700 1721 1054 1787 utilitatem
1099 1722 1338 1805 solum,
1392 1721 1505 1787 sed
1550 1722 1749 1787 etiam
1801 1722 1978 1806 ipsas
2024 1725 2293 1806 propter
2338 1744 2412 1788 se

391 1814 784 1896 expetemus.
885 1808 1211 1885 Quoniam
1263 1809 1434 1874 enim
1487 1813 1725 1875 natura
1778 1810 1911 1875 suis
1957 1811 2257 1876 omnibus
2303 1832 2413 1877 ex·-

388 1900 555 1984 pleri
591 1897 882 1981 partibus
919 1896 1079 1981 vult,
1123 1896 1293 1961 hunc
1332 1900 1575 1965 statum
1612 1899 1900 1981 corporis
1936 1920 2053 1983 per
2088 1900 2414 1983 seipsum
2582 1966 2584 1991 ἱ

390 1987 659 2070 expetit,
714 1986 824 2069 qui
881 1988 980 2049 est
1034 1985 1311 2051 maxime
1360 2007 1395 2050 e
1438 1989 1699 2070 natura,
1753 2006 1917 2071 quae
1970 1990 2118 2052 tota·
2157 1991 2412 2071 pertur-
2440 2016 2491 2056 so

387 2075 609 2157 batur,
663 2075 720 2139 si
775 2076 888 2138 aut
943 2093 1208 2158 aegrum
1252 2094 1485 2157 corpus
1530 2076 1633 2139 est
1676 2078 1792 2139 aut
1849 2074 2028 2141 dolet
2068 2078 2183 2139 aut
2229 2080 2414 2141 caret
2582 2066 2584 2079 '

388 2162 651 2227 viribus.

519 2249 886 2316 Videamus-
937 2251 1141 2315 animi
1202 2253 1451 2335 partes,
1514 2272 1789 2334 quarum
1850 2254 1953 2316 est
2022 2256 2411 2335 conspectus

387 2339 732 2424 illustrior;
779 2360 943 2423 quae
989 2361 1116 2423 quo
1155 2343 1306 2403 sunt
1348 2337 1729 2403 excelsiores
1737 2387 1757 2422 ,
1800 2360 1879 2405 eo
1924 2338 2085 2404 dant
2129 2340 2413 2405 clariora

386 2427 628 2493 indicia
677 2430 966 2491 naturae.
1053 2426 1302 2491 Tantus
1360 2429 1465 2491 est
1511 2426 1713 2511 igitur
1765 2426 2028 2493 innatus
2086 2428 2158 2493 in
2214 2429 2411 2495 nobis
2439 2456 2501 2497 25

388 2514 780 2617 cognitionis
819 2536 1001 2580 amor
1036 2518 1102 2579 et
1137 2514 1471 2598 scientiae,
1508 2519 1583 2579 ut
1615 2536 1805 2579 nemo
1846 2515 2142 2580 dubitare
2176 2516 2413 2601 possit,

388 2606 545 2690 quin
604 2604 684 2669 ad
739 2625 848 2669 eas
901 2622 1006 2667 res
1059 2602 1396 2667 hominum
1450 2605 1683 2667 natura
1738 2603 1923 2669 nullo
1971 2604 2411 2669 emolumento

386 2692 666 2760 invitata
706 2690 1016 2774 rapiatur.
1087 2688 1515 2773 Videmusne,
1559 2694 1635 2755 ut
1679 2691 1862 2774 pueri
1906 2713 1991 2756 ne
2026 2692 2413 2757 verberibus

387 2778 646 2863 quidem
709 2800 750 2842 a
812 2778 1326 2863 contemplandis
1398 2778 1591 2843 rebus
1664 2778 2233 2864 perquirendisque
2298 2780 2414 2845 de

385 2865 796 2932 terreantur?
860 2870 934 2931 ut
995 2866 1170 2950 pulsi
1231 2866 1611 2931 recurrant?
1672 2870 1749 2931 ut
1809 2866 2065 2951 aliquid
2108 2868 2275 2934 scire
2334 2891 2413 2935 se
2441 2894 2503 2936 eo

387 2952 752 3039 gaudeant?
813 2956 892 3017 ut
950 2953 1017 3017 id
1082 2954 1232 3019 aliis
1292 2974 1557 3019 narrare
1622 2954 1950 3039 gestiant?
2012 2958 2088 3019 ut
2146 2975 2414 3042 pompa,

387 3042 558 3106 ludis
613 3044 806 3126 atque
861 3041 999 3105 eius
1053 3042 1228 3107 modi
1282 3042 1662 3127 spectaculis
1712 3046 2063 3108 teneantur
2102 3043 2189 3108 ob
2236 3066 2413 3109 eam·

387 3151 534 3216 que
555 3151 694 3194 rem
738 3129 839 3194 vel
886 3128 1124 3194 famem
1170 3133 1239 3194 et
1293 3130 1475 3195 sitim
1527 3130 1900 3213 perferant?
1993 3130 2164 3207 Quid
2208 3133 2415 3199 vero?

387 3218 498 3302 qui
541 3216 842 3302 ingenuis
889 3216 1121 3281 studiis
1168 3220 1364 3302 atque
1411 3218 1663 3283 artibus
1708 3219 2138 3302 delectantur,
2184 3242 2414 3286 nonne

385 3304 680 3371 videmus
723 3324 846 3369 eos
877 3325 998 3369 nec
1041 3304 1434 3383 valetudinis
1480 3328 1600 3372 nec
1644 3307 1740 3371 rei
1779 3307 2120 3373 familiaris
2162 3307 2413 3374 habere
2440 3335 2491 3376 ³5

387 3392 704 3456 rationem
741 3392 1086 3476 omniaque
1102 3394 1383 3494 perpeti
1406 3394 1573 3496 ‘ipsa
1618 3395 1993 3479 cognitione
2032 3400 2100 3459 et
2134 3396 2414 3463 scientia

387 3483 614 3563 captos
651 3483 720 3545 et
753 3500 899 3546 cum
945 3480 1246 3545 maximis
1285 3482 1457 3547 311113
1498 3484 1565 3547 et
1607 3482 1941 3549 laboribus
1984 3504 2413 3569 compensare
