2609 3884
431 144 564 213 374
821 139 1419 199 TUSCULANARUM
1451 137 2059 195 DISPUTATIONUM

518 304 726 372 Fana
795 304 1110 370 flamma
1183 301 1653 387 deflagrata,
1732 300 1930 366 tosti
1965 299 2163 409 ,affl
2240 302 2461 366 stant=
2534 319 2536 327 ·

519 482 954 549 Deformati
1001 484 1229 565 atque
1275 479 1533 545 abiete
1578 390 2250 562 erispaffffietes

431 605 654 692 Scitis,
699 627 862 692 quae
910 607 1289 690 sequantur,
1336 607 1403 668 et
1444 603 1561 667 illa
1603 602 1674 667 in
1716 600 1972 686 primis:

519 729 574 796 Ο
620 732 872 814 pater,
917 750 958 794 o
1001 728 1290 813 patria,
1339 747 1376 791 o
1423 722 1709 791 Priami
1754 725 2047 810 domus,

521 817 887 903 Saeptum
935 815 1278 882 altisono
1328 812 1637 880 cardine
1680 814 2077 899 templum!
2491 838 2515 879 s

519 905 700 971 Vidi
747 907 886 990 ego
932 907 1009 970 te
1057 906 1365 969 astante
1412 923 1551 987 ope
1594 902 2011 968 bdrbarica
2134 983 2142 991 ·

522 992 781 1059 Tectis
827 991 1191 1077 caelatis,
1234 991 1655 1076 laqueatis,

520 1083 756 1166 Auro,
807 1081 1036 1146 ebore
1081 1080 1553 1146 instructam
1596 1078 1941 1164 regifice.

325 1227 394 1278 45
433 1206 486 1273 Ο
553 1208 815 1290 poetam
880 1202 1237 1289 egregium!
1312 1224 1704 1288 quamquam
1768 1203 1849 1269 ab
1912 1203 2016 1268 his
2081 1203 2467 1269 cantoribus

428 1291 868 1378 Euphorionis
924 1290 1376 1359 contemnitur.
1476 1289 1690 1358 Sentit
1732 1290 1951 1358 omnia
2002 1292 2355 1375 repentina
2404 1297 2468 1357 et
2490 1314 2550 1391 ιοι

284 1424 298 1440 -
428 1381 819 1465 necopinata
873 1401 1012 1447 esse
1069 1380 1390 1466 graviora.
1491 1378 1929 1465 Exaggeratis
1992 1378 2195 1464 igitur
2260 1379 2465 1465 regiis

432 1470 666 1555 opibus
675 1520 696 1554 ,
749 1490 911 1555 quae
963 1468 1353 1534 videbantur
1407 1468 1838 1552 sempiternae
1901 1467 2067 1552 fore,
2131 1466 2294 1552 quid
2359 1469 2465 1534 ad·
2551 1493 2552 1521 ι

434 1557 693 1644 iungit?

519 1681 727 1748 Haec
772 1681 1028 1747 omnia
1071 1680 1230 1746 vidi
1273 1680 1773 1761 inflammari,

519 1769 827 1835 Priamo
874 1770 950 1835 vi
994 1769 1234 1835 vitam
1279 1767 1593 1853 evitari,
2490 1785 2556 1857 ιε(

519 1856 731 1924 Iovis
779 1860 987 1923 aram
1033 1858 1409 1941 sanguine
1452 1853 1778 1940 turpari.

327 2003 396 2054 46
432 1982 848 2048 Praeclarum
893 1980 1175 2044 carmen!
1279 1978 1406 2044 Est
1449 1978 1620 2044 enim
1667 1982 1734 2044 et
1776 1978 1969 2044 rebus
2016 1982 2083 2045 et
2126 1979 2355 2045 verbis
2405 1984 2470 2045 et

431 2068 640 2136 modis
693 2067 986 2152 lugubre.
1083 2066 1459 2151 Eripiamus
1512 2066 1665 2133 huic
1722 2065 2209 2151 aegritudinem.
2317 2068 2467 2145 Quo

430 2156 652 2223 modo!
745 2152 1172 2221 Conlocemus
1217 2154 1289 2219 in
1335 2154 1573 2220 culcita
1615 2156 1901 2241 plumea,
1958 2154 2305 2241 psaltriam
2356 2157 2469 2221 ad-

434 2244 769 2329 ducamus,
830 2242 1148 2327 hedychri
1198 2242 1615 2309 incendamus
1672 2242 2036 2328 scutellam,
2102 2242 2469 2310 dulciculae
2492 2274 2529 2313 20

431 2332 719 2417 potionis
766 2330 1011 2417 aliquid
1053 2330 1387 2396 videamus
1423 2332 1491 2395 et
1535 2331 1681 2397 cibi.
1752 2330 1932 2398 Haec
1974 2331 2238 2396 tandem
2286 2332 2471 2399 bona

436 2424 613 2506 sunt,
658 2419 890 2505 quibus
935 2417 1374 2505 aegritudines
1421 2418 1841 2505 gravissimae
1887 2418 2344 2507 detrahantur3
2396 2425 2473 2487 tu

436 2510 608 2576 enim
661 2509 853 2594 paulo
910 2510 1059 2573 ante
1110 2528 1194 2573 ne
1247 2507 1625 2593 intellegere
1690 2506 1949 2592 quidem
2002 2510 2070 2573 te
2124 2508 2261 2573 alia
2323 2510 2471 2575 ulla.

435 2598 711 2665 dicebas,
790 2595 1107 2661 Revocari
1153 2595 1357 2681 igitur
1404 2600 1699 2681 oportere
1737 2617 1776 2660 a
1816 2617 2105 2662 maerore
2152 2594 2236 2661 ad
2284 2599 2471 2685 cogi-

434 2686 750 2753 tationem
803 2684 1123 2750 bonorum
1177 2684 1549 2749 conveniret
1600 2682 1763 2749 mihi
1816 2705 1963 2751 cum
2014 2683 2333 2771 Epicuro,
2394 2686 2473 2773 si,
2494 2718 2531 2757 ιε

437 2774 592 2859 quid
637 2774 807 2838 esset
848 2773 1121 2857 bonum,
1165 2772 1555 2838 conveniret.

207 2924 214 2929 ,
329 2866 418 2932 20
567 2860 757 2927 Dicet
801 2860 1063 2945 aliquis:
1128 2858 1297 2935 Quid
1345 2860 1544 2946 ergo?
1602 2863 1676 2925 tu
1718 2859 2074 2945 Epicurum
2120 2861 2469 2931 existimas

434 2948 565 3013 ista
616 2947 924 3030 voluisse,
981 2951 1096 3014 aut
1146 2948 1532 3014 libidinosas
1596 2947 1731 3014 eius
1795 2948 1995 3015 fuisse
2059 2952 2471 3018 sententias?

434 3035 581 3120 Ego
614 3055 769 3101 vero
807 3035 1099 3121 minime3
1144 3036 1331 3103 video
1370 3038 1542 3105 enim
1580 3036 1661 3101 ab
1699 3058 1773 3103 eo
1812 3036 1937 3101 dici
1972 3039 2181 3103 multa
2216 3061 2471 3125 severe,

435 3123 644 3191 multa
695 3124 1041 3208 praeclare.
1139 3122 1394 3208 Itaque,
1447 3128 1523 3191 ut
1576 3146 1769 3209 saepe
1824 3124 1984 3205 dixi,
2035 3125 2114 3190 de
2164 3128 2469 3194 acumine
2492 3122 2558 3201 ω’

439 3212 654 3295 agitur
697 3211 865 3295 eius,
908 3232 1044 3276 non
1087 3210 1166 3275 de
1212 3213 1531 3299 moribus3
1574 3213 1868 3298 quamvis
1917 3218 2187 3298 spernat
2230 3216 2471 3301 volup-

435 3302 610 3449 tate?l
652 3318 788 3448 eug,
843 3318 1003 3447 guas
1039 3297 1241 3399 'modo
1287 3300 1601 3454 laudagit,
1660 3321 1781 3387 ego
1825 3305 2045 3456 tffmen
2087 3303 2470 3390 meminero,

440 3406 566 3470 quo
656 3406 722 3449 vl
767 3404 842 3448 ea
875 3406 951 3449 ur
996 3405 1057 3449 e1
1103 3406 1428 3453 summum
1523 3410 1739 3455 onum.
1894 3411 1979 3455 on
2034 3389 2209 3455 enim
2264 3393 2469 3459 verbo

444 3472 648 3536 solum
691 3472 910 3555 posuit
943 3472 1373 3560 voluptatem,
1419 3476 1531 3541 sed
1568 3477 1964 3564 explanavit,
2008 3477 2164 3564 quid
2205 3477 2469 3547 diceret.
