2609 3884
407 176 542 241 274
733 176 831 230 DE
865 175 1158 231 FINIBUS
1194 175 1555 231 BONORUM
1588 176 1686 230 ΕΤ
1722 175 2085 230 MALORUM

409 338 469 403 si
513 338 713 403 semel
756 338 1012 405 tristior
1055 338 1321 402 effectus
1368 340 1495 421 est,
1546 338 1757 402 hilara
1801 339 1942 403 vita
1994 337 2238 401 amissa
2288 338 2445 401 est?

407 425 502 490 At
561 426 687 492 hoc
747 427 819 491 in
880 448 958 492 eo
1021 425 1111 491 M.
1175 424 1439 508 Crasso,
1504 447 1695 510 quem
1754 426 1955 490 semel
2010 426 2105 489 ait
2162 425 2240 489 in
2296 427 2452 489 vita

407 514 635 580 risisse
689 514 1003 597 Lucilius,
1063 536 1197 579 non
1258 477 1564 597 contigit,
1626 518 1702 578 ut
1754 536 1831 578 ea
1889 535 1961 578 re
2014 513 2229 577 minus
2286 509 2448 595 ἀγέ-

405 607 678 685 λαστος,
721 608 798 667 ut
841 604 938 669 ait
979 565 1178 686 idem,
1221 608 1577 667 vocaretur.
1666 600 2079 685 Polycratem
2134 600 2449 666 Samium

405 691 660 757 felicem
703 691 1144 776 appellabant.
1231 689 1419 755 Nihil
1474 689 1795 754 acciderat
1846 689 1937 773 ei,
1989 690 2161 774 quod
2203 690 2447 773 nollet,
2474 716 2499 754 5

405 780 536 845 nisi
569 779 742 863 quod
775 780 1069 863 anulum,
1105 800 1234 863 quo
1273 778 1738 861 delectabatur,
1774 778 1846 842 in
1878 779 2048 841 mari
2083 778 2447 843 abiecerat.

407 867 586 953 Ergo
639 867 871 932 infelix
923 890 1054 932 una
1105 868 1432 948 molestia,
1480 866 1644 930 felix
1686 888 1937 948 rursuS,
1994 888 2140 930 cum
2182 866 2243 929 is
2286 867 2445 949 ipse

409 958 638 1021 anulus
693 957 764 1019 in
807 955 1200 1039 praecordiis
1255 956 1451 1039 piscis
1496 954 1798 1019 inventus
1850 916 1993 1019 est?
2080 953 2208 1017 Ille
2252 976 2443 1038 ver0,

409 1044 468 1107 si
502 1043 816 1127 insipiens
855 1041 1057 1144 (quod
1091 1047 1280 1126 certe,
1326 1043 1632 1127 quoniam
1666 1038 2029 1128 tyrannus),
2071 1064 2444 1127 numquam

407 1131 667 1214 beatus3
731 1132 790 1195 si
843 1132 1132 1215 sapiens,
1190 1152 1276 1195 nc
1328 1137 1472 1194 tum
1524 1130 1785 1214 quidem
1848 1129 2069 1213 miser,
2132 1151 2280 1194 cum
2352 1131 2439 1195 ab
2472 1157 2519 1195 ιο

409 1216 663 1303 Oroete,
697 1222 998 1302 praetore
1031 1218 1304 1302 Darei,
1282 1241 1356 1283 ιιι
1390 1239 1643 1283 crucem
1678 1222 1859 1282 actus
1886 1223 2004 1282 est.
2070 1216 2163 1281 At
2197 1220 2441 1282 multis

409 1307 602 1371 malis
679 1307 964 1373 affectus.
1074 1307 1236 1383 Quis
1299 1305 1541 1391 negat?
1610 1305 1723 1371 sed
1784 1328 1863 1370 ea
1922 1306 2099 1371 mala
2162 1307 2440 1371 virtutis

409 1394 857 1480 magnitudine
901 1396 1359 1460 obruebantur.

541 1483 650 1547 An
682 1504 766 1548 ne
799 1484 924 1549 hoc
958 1483 1218 1567 quidem
1253 1482 1706 1567 Peripateticis
1742 1482 2055 1566 concedis,
2094 1486 2173 1547 ut
2206 1484 2441 1548 dicant

410 1571 701 1637 omnium
736 1572 1055 1637 bonorum
1089 1573 1399 1654 virorum,
1433 1572 1502 1635 id
1538 1573 1638 1635 est
1675 1571 2083 1654 sapientium,
2125 1572 2438 1637 omnibus
2468 1598 2513 1637 ιε

407 1659 758 1725 virtutibus
815 1664 1221 1743 ornatorum,
1285 1661 1493 1724 vitam
1557 1660 1856 1724 omnibus
1919 1660 2215 1742 partibus
2280 1662 2438 1743 plus

405 1746 646 1813 habere
707 1769 961 1831 semper
1022 1748 1179 1813 boni
1240 1770 1435 1832 quam
1498 1746 1700 1812 mali?
1814 1746 1973 1823 Quis
2033 1746 2159 1814 hoc
2222 1748 2439 1813 dicit?

409 1833 614 1901 Stoici
667 1836 932 1901 scilicet.
1028 1834 1329 1920 Minime3
1384 1835 1502 1900 sed
1552 1836 1664 1899 isti
1715 1835 1872 1919 ipsi,
1925 1836 2037 1919 qui
2089 1836 2441 1919 voluptate

409 1926 475 1987 et
526 1924 747 1989 dolore
806 1925 1028 1989 omnia
1080 1925 1465 2008 metiuntur,
1523 1944 1737 1988 nonne
1800 1923 2085 1987 clamant
2146 1925 2441 2007 sapienti

407 2011 555 2094 plus
619 2032 872 2095 semper
925 2012 1174 2095 adesse,
1238 2011 1407 2097 quod
1470 2012 1657 2095 velit,
1718 2033 1914 2114 quam
1978 2012 2151 2095 quod
2210 2012 2439 2077 nolit?
2463 2039 2502 2078 ιο

410 2096 574 2163 Cum
619 2102 874 2163 tantum
916 2100 1120 2185 igitur
1162 2101 1235 2165 in
1277 2102 1523 2165 virtute
1566 2102 1813 2183 ponant
1854 2099 1932 2182 ii,
1981 2100 2093 2183 qui
2136 2099 2440 2165 fatentur

411 2207 479 2250 se
551 2186 812 2251 virtutis
885 2209 1105 2272 causa,
1175 2188 1306 2252 nisi
1378 2210 1456 2252 ea
1524 2189 1929 2270 voluptatem
1998 2188 2276 2271 faceret,
2348 2211 2439 2253 ne

407 2295 672 2339 manum
717 2275 990 2377 quidem·
1007 2297 1308 2341 versuros
1352 2275 1583 2360 fuisse,
1629 2275 1782 2360 quid
1820 2276 2034 2340 facere
2068 2297 2189 2341 nos
2237 2298 2438 2362 opor-

408 2365 532 2447 tet,
577 2363 688 2447 qui
735 2364 1028 2447 quamvis
1073 2364 1409 2428 minimam
1452 2363 1922 2447 praestantiam
1971 2364 2173 2427 animi
2219 2366 2436 2429 omni-

407 2451 529 2515 bus
574 2450 764 2515 bonis
809 2451 1098 2535 corporis
1145 2452 1387 2517 anteire
1434 2452 1748 2535 dicamus,
1791 2455 1869 2515 ut
1912 2472 1989 2515 ea
2027 2473 2111 2515 ne
2156 2452 2229 2516 in
2278 2474 2435 2518 con·
2464 2481 2507 2520 25

407 2542 634 2621 spectu
679 2539 934 2624 quidem
978 2538 1469 2624 relinquantur?
1551 2540 1709 2616 Quis
1756 2544 1857 2605 est
1901 2539 2099 2623 enim,
2142 2540 2257 2623 qui
2304 2540 2435 2605 hoc

407 2626 633 2691 cadere
677 2628 748 2691 in
764 2626 1148 2729 sapientem
1193 2628 1403 2692 dicere
1449 2626 1711 2710 audeat,
1754 2631 1858 2712 ut,
1906 2628 1967 2692 si
2010 2628 2152 2691 fieri
2195 2631 2435 2713 possit,

405 2714 712 2779 virtutem
759 2715 828 2779 in
871 2719 1255 2799 perpetuum
1293 2715 1561 2799 abiciat,
1605 2719 1680 2780 ut
1723 2716 1943 2781 dolore
1980 2716 2156 2780 omni
2197 2716 2434 2781 libere-

404 2801 556 2866 tur?
631 2802 789 2880 Quis
833 2806 1128 2868 nostrum
1175 2804 1437 2888 dixerit,
1483 2825 1644 2887 quos
1688 2826 1821 2869 non
1866 2803 2067 2888 pudet
2109 2825 2214 2887 ea,
2258 2827 2432 2889 quae

407 2887 606 2954 Stoici
642 2912 872 2975 aspera
909 2892 1155 2975 dicunt,
1201 2893 1375 2957 mala
1411 2855 1649 2975 dicere,
1694 2892 1929 2957 melius
1966 2912 2106 2956 esse
2140 2894 2431 2975 turpiter
2456 2921 2501 2961 so

407 2976 652 3061 aliquid
705 2979 920 3043 facere
975 3001 1122 3043 cum
1175 2980 1509 3063 voluptate
1554 3001 1749 3063 quam
1804 2980 2075 3045 honeste
2121 3001 2267 3045 cum
2317 2982 2430 3046 do-

299 3076 370 3125 94
406 3064 586 3129 lore?
674 3064 884 3132 Nobis
929 3064 1347 3132 Heracleotes
1391 3068 1503 3132 ille
1548 3066 1897 3153 Dionysius
1954 3068 2273 3153 flagitiose
2322 3070 2432 3135 de-

408 3152 671 3218 scivisse
724 3154 980 3218 videtur
1033 3176 1072 3219 a
1119 3152 1355 3220 Stoicis
1410 3159 1677 3239 propter
1722 3157 2057 3222 oculorum
2117 3155 2430 3222 dolorem.

409 3240 608 3317 Quasi
651 3262 802 3306 vero
849 3240 973 3307 hoo
1018 3240 1349 3307 didicisset
1394 3266 1435 3309 a
1478 3242 1762 3328 Zenone,
1804 3266 1941 3312 non
1984 3244 2230 3327 dolere,
2277 3266 2429 3311 cum

407 3327 678 3393 doleret!
776 3327 948 3391 Illud
1005 3328 1295 3395 audierat
1347 3353 1467 3397 nec
1522 3336 1739 3398 tamen
1784 3332 2119 3415 didicerat,
2180 3333 2426 3399 malum
2455 3358 2501 3401 35

405 3414 569 3479 illud
621 3435 755 3479 ιιοιι
809 3436 974 3501 esse,
1030 3416 1182 3502 quia
1233 3422 1422 3502 turpe
1475 3442 1610 3485 non
1664 3424 1863 3505 esset,
1917 3424 1984 3486 et
2029 3442 2171 3485 esse
2217 3420 2427 3486 feren-

405 3502 560 3566 dum
605 3500 764 3568 viro,
853 3501 978 3569 Hic
1024 3505 1081 3569 si
1127 3503 1593 3590 Peripateticus
1638 3508 1899 3594 fuisset,
1943 3509 2430 3599 permansisset,

303 1453 386 1578 {10}
