2609 3884
653 144 789 201 ΗΒ.
826 144 920 200 IV.
977 142 1132 201 cAP.
1172 150 1418 201 27—29.
1474 150 1505 210 ς
1542 136 1789 202 59—08.
2100 146 2233 210 415

209 329 360 372 raro
397 307 654 385 proficit
688 327 894 387 neque
932 309 1034 369 est
1068 305 1150 371 ad
1184 307 1415 389 volgus
1454 306 1833 372 adhibenda.
1902 306 2232 383 Quaedam
2269 318 2335 369 61

212 408 431 459 autem
495 406 650 459 sunt
712 395 1179 480 aegntudines,
1243 416 1405 480 quas
1470 414 1685 459 levare
1745 395 1863 459 1lla
1916 412 2233 461 memcma

208 484 390 548 nullo
436 482 629 548 modo
675 482 914 566 possit,
958 485 1060 566 ut,
1107 482 1163 547 si
1207 482 1353 566 quis
1400 503 1593 568 aegre
1636 482 1807 547 ferat
1841 482 2013 547 nihil
2049 484 2120 548 in
2164 505 2235 548 se

210 592 352 635 esse
386 570 669 653 virtutis,
713 570 877 634 nihil
917 569 1133 653 animi,
1175 570 1345 634 nihil
1388 569 1604 654 officii,
1647 569 1815 635 nihil
1850 569 2235 655 honestatis,

157 683 183 723 5
210 663 478 743 propter
531 658 708 723 mala
761 657 817 722 is
873 658 1130 743 quidem
1186 660 1490 743 angatur,
1554 658 1667 723 sed
1730 658 1861 723 alia
1920 659 2235 743 quaedam

211 747 300 811 sit
346 746 427 811 ad
473 768 617 811 eum
663 744 1065 810 admovenda
1107 747 1385 830 curatio,
1430 749 1495 811 et
1538 745 1691 811 talis
1737 746 2022 831 quidem,
2070 768 2232 832 quae

208 834 418 918 possit
463 855 604 899 esse
651 834 940 898 omnium
987 834 1186 898 etiam
1231 834 1310 899 de
1357 834 1586 900 ceteris
1626 834 1819 899 rebus
1867 833 2231 919 discrepan-

208 922 374 988 tium
435 920 994 1005 philosophorum.
1109 919 1291 985 Inter
1370 922 1580 987 omnis
1645 922 1819 987 enim
1892 923 2233 987 convenire

210 1013 470 1094 oportet
514 1009 980 1074 commotiones
1028 1008 1394 1074 animorum
1441 1032 1482 1073 a
1523 1013 1703 1075 recta
1756 1009 2010 1074 ratione
2057 1031 2233 1075 aver·

124 1122 180 1162 10
210 1119 315 1163 sas
363 1118 502 1161 esse
547 1096 848 1179 vitiosaS,
892 1100 993 1179 ut,
1039 1097 1296 1162 etiamsi
1340 1097 1445 1161 vel
1480 1097 1655 1161 mala
1704 1096 1837 1162 sint
1878 1097 2022 1181 illa,
2068 1119 2231 1182 quae

208 1188 456 1250 metum
519 1184 1094 1269 aegritudinemve,
1156 1184 1259 1248 vel
1322 1185 1524 1267 bona,
1586 1206 1750 1270 quae
1809 1184 2231 1269 cupiditatem

204 1273 606 1337 laetitiamve
643 1276 973 1355 moveant,
1016 1275 1237 1336 tamen
1275 1273 1364 1336 sit
1397 1272 1637 1338 vitiosa
1679 1273 1825 1356 ipsa
1860 1274 2234 1338 commotio.

209 1358 639 1427 Constantem
710 1360 881 1424 enim
948 1358 1265 1445 quendam
1319 1360 1643 1443 volumus,
1707 1360 2025 1445 sedatum,
2084 1381 2232 1445 gra-

206 1470 380 1531 vem,
442 1445 727 1512 humana
794 1448 1014 1512 omnia
1077 1451 1484 1531 spernentem
1547 1448 1735 1514 illum
1800 1469 1968 1531 esse,
2040 1470 2232 1532 quem

124 1558 179 1600 15
209 1535 698 1621 magnanimum
746 1538 811 1599 et
855 1534 1091 1600 fortem
1136 1535 1348 1600 virum
1403 1536 1694 1601 dicimus,
1782 1534 1962 1601 Talis
2013 1540 2231 1601 autem

206 1646 329 1689 nec
388 1644 681 1688 maerens
749 1644 869 1687 nec
930 1623 1169 1688 timens
1239 1645 1360 1690 nec
1424 1624 1689 1709 cupiens
1750 1644 1872 1688 nec
1942 1623 2231 1708 gestiens

208 1733 352 1778 esse
414 1712 753 1797 quisquam
809 1714 1048 1794 potest.
1144 1709 1394 1777 Eorum
1451 1712 1621 1776 enim
1675 1710 1835 1777 haec
1889 1715 2067 1795 sunt,
2122 1712 2233 1797 qui

209 1802 475 1866 eventus
533 1798 852 1864 humanos
909 1799 1272 1883 superiores
1328 1821 1522 1883 quam
1576 1820 1723 1864 suos
1781 1799 2033 1865 animos
2088 1820 2230 1864 esse

123 2001 179 2041 20
209 1888 553 2051 ducgiltare
599 1976 888 2039 omnium
940 1975 1507 2059 philosophorum,
1558 1979 1633 2040 ut
1688 1978 1839 2041 ante
1885 1975 2047 2056 dixi,
2103 1942 2369 2067 11118Ξὲ

206 2063 380 2128 ratio
419 2065 521 2128 est
553 2062 877 2145 medendi,
921 2066 998 2127 ut
1039 2063 1232 2146 nihil,
1277 2062 1467 2147 quale
1505 2062 1593 2128 sit
1633 2063 1825 2146 illud,
1872 2064 2045 2148 quod
2066 2086 2227 2148 ‘per-

208 2151 430 2215 turbet
481 2150 796 2229 animum,
851 2149 965 2214 sed
1017 2150 1094 2215 de
1149 2150 1295 2234 ipsa
1341 2151 1429 2215 sit
1479 2150 1967 2234 perturbatione
2021 2151 2232 2218 dicen-

209 2238 381 2303 dum.
450 2237 678 2321 Itaque
713 2238 996 2321 primum
1029 2238 1100 2303 in
1134 2237 1280 2322 ipsa
1317 2238 1697 2323 cupiditate,
1734 2261 1881 2304 cum
1916 2239 1984 2304 id
2022 2240 2232 2305 solum

211 2326 456 2411 agitur,
509 2328 585 2389 ut
637 2346 714 2389 ea
768 2325 1065 2410 tollatur,
1121 2347 1258 2392 non
1313 2331 1413 2392 est
1466 2327 1927 2411 quaerendum,
1989 2328 2231 2393 bonum

123 2437 181 2479 25
210 2414 372 2480 illud
424 2434 625 2478 necne
680 2413 794 2496 sit,
849 2413 1019 2498 quod
1070 2413 1426 2479 lubidinem
1489 2418 1773 2499 moveat,
1836 2414 1948 2479 sed
2006 2414 2229 2481 lubido

208 2504 356 2588 ipsa
398 2500 692 2568 tollenda
735 2504 861 2585 est,
905 2503 1003 2584 ut,
1049 2501 1210 2584 sive,
1257 2503 1427 2585 quod
1470 2503 1817 2568 honestum
1862 2506 1988 2585 est,
2033 2502 2102 2566 id
2146 2504 2234 2569 sit

211 2611 534 2655 summum
577 2589 847 2672 bonum,
895 2588 1029 2653 sive
1074 2588 1382 2672 voluptas
1428 2590 1564 2667 sive
1607 2589 1843 2656 horum
1888 2593 2231 2676 utrumque

211 2678 622 2744 coniunctum
699 2677 832 2743 sive
894 2676 1025 2740 tria
1085 2677 1204 2741 illa
1265 2696 1505 2760 genera
1574 2678 1921 2761 bonorum,
1991 2680 2231 2763 tamen,

212 2766 472 2831 etiamsi
497 2763 758 2830 virtutis
795 2764 1002 2848 ipsius
1030 2764 1477 2831 vehementior
1506 2766 1831 2850 adpetitus
1868 2766 1970 2849 sit,
2006 2766 2231 2831 eadem

121 2879 183 2921 so
213 2854 300 2919 sit
346 2853 644 2919 omnibus
697 2852 782 2917 ad
837 2851 1284 2918 deterrendum
1333 2852 1701 2918 adhibenda
1747 2852 1973 2919 oratio.
2064 2851 2231 2919 Con·

209 2941 381 3006 tinet
415 2944 634 3012 autem
671 2961 927 3007 omnem
964 2940 1363 3006 sedationem
1400 2941 1602 3005 animi
1646 2940 1930 3007 humana
1972 2940 2043 3006 in
2087 2963 2231 3006 con-

211 3032 439 3114 spectu
480 3029 695 3112 posita
736 3031 997 3113 natura3
1057 3050 1220 3113 quae
1266 3050 1393 3113 quo
1438 3028 1692 3094 facilius
1748 3050 2050 3113 expressa
2104 3039 2233 3093 cer-

208 3119 440 3200 natur,
514 3115 892 3201 explicanda
970 3119 1071 3181 est
1143 3118 1437 3182 oratione
1510 3117 1865 3182 communis
1938 3116 2228 3181 condicio

210 3206 440 3288 lexque
495 3205 683 3269 vitae.
780 3204 1009 3287 Itaque
1060 3226 1196 3269 non
1249 3204 1390 3269 sine
1446 3202 1668 3289 causa,
1731 3225 1877 3270 cum
1936 3203 2229 3268 Orestem
2268 3218 2333 3265 63

46 3304 50 3343 ἱ
121 3318 182 3360 35
210 3292 500 3357 fabulam
556 3292 812 3355 doceret
863 3290 1236 3375 Euripides,
1290 3292 1535 3376 primos
1588 3293 1710 3357 tris
1765 3312 1989 3357 versus
2053 3310 2229 3356 revo-

212 3402 391 3445 casse
438 3379 672 3445 dicitur
717 3375 1043 3443 Socratest

301 3467 562 3553 Neque
607 3466 762 3532 tam
805 3467 1193 3532 terribilis
1238 3469 1401 3532 lilla
1445 3468 1673 3533 fando
1723 3464 1974 3532 oratio
2022 3469 2143 3531 est
