2609 3884
621 204 1205 260 ACADEMICORUM
1239 205 1780 261 POSTERIORUM.
2131 208 2209 271 87

193 371 418 433 menta
489 368 646 449 sint,
719 371 989 451 potesne
1065 366 1321 430 dicere?
1386 367 1565 431 cuius
1641 371 1708 431 et
1763 368 2086 432 nascentis
2152 373 2218 433 et
2304 410 2311 418 ·

194 456 592 521 senescentis
666 456 828 519 alias
899 454 1267 537 hebetiora,
1340 455 1502 518 alias
1568 456 1859 519 acutiora
1917 456 2216 520 videntur

195 565 456 609 cornua.

333 632 392 695 7.
448 632 612 696 Non.
664 651 734 713 Ρ.
799 634 944 696 162.
1005 634 1094 696 29
1166 628 1593 712 Purpuraseit.
1731 629 1937 696 Cicero
2024 632 2218 697 Acad.

138 744 164 785 5
195 720 300 784 lib.
347 719 441 785 II
442 741 465 784 .·
521 719 733 795 Quid?
781 740 957 783 mare
1011 739 1226 783 nonne
1273 718 1686 783 caeruleum?
1741 724 1811 782 at
1866 719 2001 784 eius
2047 721 2219 784 unda

196 830 347 871 cum
403 814 506 871 est
557 807 748 890 pulsa
803 807 1024 889 remiS,
1076 806 1515 889 purpurascit,
1579 810 1645 870 et
1702 807 1955 890 quidem
2012 830 2217 892 aquae

193 896 477 959 tinctum
522 895 799 978 quodam
843 894 1036 958 modo
1085 898 1151 957 et
1193 893 1519 960 infectum.
1548 944 1562 959 .
1590 942 1607 959 .

334 984 393 1047 8.
438 982 602 1047 Non.
635 1003 705 1064 Ρ.
749 987 894 1048 162.
937 986 1024 1046 34
1069 981 1513 1063 Perpendicula
1556 987 1616 1046 et
1659 1002 1927 1047 normae.
2010 981 2218 1049 Cicero

195 1072 396 1135 Acad.
444 1070 543 1135 lib.
588 1070 706 1134 II:
751 1069 980 1154 Atqui,
1026 1070 1083 1134 si
1127 1069 1192 1132 id
1238 1069 1665 1152 crederemuS,
1710 1092 1844 1135 non
1886 1091 2217 1155 egeremus

87 1172 168 1223 ἰο
195 1158 696 1243 perpendiculiS,
743 1180 875 1223 non
918 1157 1190 1236 normis,
1234 1180 1368 1221 non
1410 1159 1672 1242 reguliS.

333 1248 393 1311 9.
448 1247 614 1311 Non.
654 1268 724 1328 Ρ.
777 1251 923 1313 394.
985 1250 1070 1314 30
1133 1245 1377 1310 Siccam
1434 1247 1661 1310 dieitur
1724 1252 1785 1311 et
1833 1248 2121 1312 sobrium.
2151 1298 2165 1312 .
2204 1296 2219 1312 .

195 1335 407 1400 Cicero
459 1335 655 1399 Aead.
713 1335 812 1399 lib.
865 1334 980 1398 II:
1053 1333 1239 1398 Alius
1295 1333 1561 1415 adultis,
1615 1335 1777 1398 alius
1833 1336 2220 1418 valentibuS,

197 1424 368 1486 alius
417 1424 628 1507 aegris
637 1472 656 1505 ,
703 1423 865 1487 alius
913 1422 1127 1503 sicciS,
1173 1422 1339 1485 alius
1386 1422 1749 1486 vinulentis,

339 1510 440 1576 10.
496 1511 660 1575 Non.
704 1531 773 1591 Ρ.
827 1514 979 1574 474.
1035 1512 1128 1574 27
1193 1509 1562 1575 Urinantur.
1670 1509 1879 1575 Cicero
1938 1512 2007 1575 in
2059 1511 2221 1575 Aca·

115 1623 168 1663 15
195 1600 449 1664 demicis
494 1599 593 1662 w).
638 1597 731 1663 II
732 1619 755 1661 .·
828 1598 898 1662 Si
950 1596 1204 1681 quando
1253 1598 1427 1660 enim
1472 1620 1592 1662 nos
1639 1596 2087 1680 demersimus,
2146 1605 2221 1663 ut
2336 1606 2344 1613 ‘

197 1688 312 1771 qui
357 1686 724 1769 urinantur,
780 1689 893 1749 aut
944 1684 1109 1749 nihil
1164 1706 1468 1767 superum
1528 1688 1642 1749 aut
1687 1685 1956 1750 obscure
2004 1687 2219 1751 admo-

198 1774 353 1839 dum
401 1775 738 1838 cernimus,

339 1864 439 1927 11.
485 1862 649 1926 Non.
673 1882 741 1943 Ρ.
778 1863 920 1925 545.
957 1866 1040 1924 16
1074 1860 1424 1925 Alabaster.
1492 1857 1697 1926 Cicero
1733 1861 1928 1925 Acad.
1967 1861 2066 1925 zib.
2103 1861 2195 1925 ΙΙ
2198 1882 2221 1925 .·

200 1950 450 2027 Quibus
516 1950 710 2014 etiam
775 1948 1104 2013 alabaster
1165 1950 1395 2032 plenus
1459 1950 1770 2033 unguenti
1832 1953 2057 2032 putere
2130 1951 2221 2013 vi-

116 2065 170 2103 so
200 2040 448 2103 deatur.

1048 2192 1247 2246 LIBRI
1281 2193 1379 2246 IH.

341 2302 442 2367 12.
487 2300 651 2365 Non.
695 2323 764 2386 Ρ.
810 2303 907 2366 65.
951 2303 1033 2366 15
1084 2301 1261 2365 Idem
1317 2301 1526 2365 tertio:
1589 2298 1951 2385 Digladiari
2008 2304 2222 2365 autem

201 2411 458 2472 semper
511 2394 569 2453 et
611 2390 978 2473 depugnare
1025 2389 1096 2453 in
1141 2388 1521 2453 facinorosis
1574 2391 1639 2451 et
1681 2389 2031 2452 audacibus
2079 2389 2220 2472 quis

199 2500 336 2542 non
373 2499 518 2540 cum
555 2478 1015 2560 miserrimum,
1049 2480 1189 2540 tum
1229 2476 1427 2540 etiam
1464 2476 1919 2540 stultissimum
1954 2476 2224 2541 dixerit?

121 2590 172 2629 25
342 2564 444 2628 13.
507 2564 671 2630 Non.
733 2587 803 2647 Ρ.
866 2568 962 2629 65.
1026 2568 1115 2630 32
1184 2564 1494 2628 Exultare
1555 2564 1784 2628 dietum
1850 2568 1938 2627 est
1996 2564 2224 2628 eoeilire.

202 2651 413 2718 Cicero
465 2654 662 2717 Acad.
720 2654 818 2717 lib.
873 2652 1033 2718 III:
1104 2651 1196 2715 Et
1239 2656 1316 2715 ut
1371 2674 1491 2716 nos
1554 2673 1726 2715 nunc
1792 2651 2083 2715 sedemus
2144 2650 2225 2714 ad

195 2738 547 2803 Lucrinum
593 2741 1065 2825 pisciculosque
1113 2741 1472 2804 exultantes
1520 2739 1828 2803 videmus,
1857 2786 1872 2803 .

338 2829 438 2891 14.
495 2828 573 2892 Ν
565 2849 660 2892 on.
694 2849 764 2910 Ρ.
818 2832 964 2893 123.
1017 2832 1066 2894 2
1120 2829 1597 2910 Inyeneraretur
1659 2832 1731 2891 ut
1790 2827 2225 2891 innasceretur.

202 2914 412 2981 Cicero
456 2916 653 2981 Acad.
701 2917 803 2981 lib.
848 2915 1004 2980 III:
1074 2914 1150 2979 In
1210 2919 1396 2979 tanta
1442 2916 1864 2979 animantium
1909 2915 2226 2979 varietate

122 3030 174 3069 30
201 3004 454 3067 homini
510 3007 585 3067 ut
635 3004 758 3068 soli
812 3004 1127 3087 cupiditas
1180 3003 1668 3088 ingeneraretur
1724 3004 2113 3088 cognitionis
2162 3007 2229 3067 et

204 3092 532 3155 scientiae.

342 3180 444 3245 15.
489 3180 654 3244 Non.
697 3200 764 3261 Ρ.
812 3184 955 3243 419.
1000 3184 1043 3244 3
1124 3179 1475 3256 Vindicem,
1540 3177 1803 3261 trahere,
1868 3179 2185 3244 liberare..
2213 3228 2229 3244 .

203 3266 412 3333 Oicero
457 3268 653 3332 Aead.
701 3268 800 3332 lib.
844 3266 1003 3333 III:
1051 3266 1290 3351 Aliqua
1336 3270 1625 3350 potestas
1674 3266 1783 3349 sit,
1832 3266 2116 3330 vindicet
2161 3288 2228 3330 se

201 3355 275 3419 in
316 3356 708 3419 libertatem.

123 3469 173 3508 35
345 3444 445 3508 16.
490 3444 778 3507 Lactant.
824 3444 966 3508 inst.
1024 3442 1128 3508 VI
1161 3446 1270 3508 24.
1318 3447 1357 3507 1
1403 3443 1533 3508 Nec
1578 3448 1786 3505 tamen
1830 3441 2074 3521 deficiat
2115 3441 2229 3505 ali-

200 3532 343 3613 quis
387 3537 503 3595 aut
544 3532 618 3596 de
657 3552 721 3597 se
763 3533 892 3613 ipse
935 3532 1224 3616 desperet,
1269 3532 1329 3596 si
1372 3532 1486 3594 'aut
1528 3530 1857 3611 cupiditate
1892 3529 2085 3590 vietus
2118 3532 2234 3591 aut
