<?xml version="1.0" encoding="UTF-8"?>
<!DOCTYPE html PUBLIC "-//W3C//DTD XHTML 1.0 Transitional//EN"
    "http://www.w3.org/TR/xhtml1/DTD/xhtml1-transitional.dtd">
<html xmlns="http://www.w3.org/1999/xhtml" xml:lang="en" lang="en">
 <head>
  <title>
</title>
<meta http-equiv="Content-Type" content="text/html;charset=utf-8" />
  <meta name='ocr-system' content='tesseract 3.04.00' />
  <meta name='ocr-capabilities' content='ocr_page ocr_carea ocr_par ocr_line ocrx_word'/>
</head>
<body>
  <div class='ocr_page' id='page_1' title='image "./scriptaquaemans01mlgoog_0394.png"; bbox 0 0 2609 3884; ppageno 0'>
   <div class='ocr_carea' id='block_1_1' title="bbox 387 139 2014 205">
    <p class='ocr_par' dir='ltr' id='par_1_1' title="bbox 387 139 2014 205">
     <span class='ocr_line' id='line_1_1' title="bbox 387 139 2014 205; baseline -0.006 0"><span class='ocrx_word' id='word_1_1' title='bbox 387 141 518 205; x_wconf 88' lang='lat'>344</span> <span class='ocrx_word' id='word_1_2' title='bbox 781 140 1375 197; x_wconf 78' lang='lat' dir='ltr'><strong>TUSCULANARUM</strong></span> <span class='ocrx_word' id='word_1_3' title='bbox 1412 139 2014 196; x_wconf 84' lang='lat' dir='ltr'><strong>DISPUTATIONUM</strong></span> 
     </span>
    </p>
   </div>
   <div class='ocr_carea' id='block_1_2' title="bbox 386 300 2411 476">
    <p class='ocr_par' dir='ltr' id='par_1_2' title="bbox 386 300 2411 476">
     <span class='ocr_line' id='line_1_2' title="bbox 387 300 2411 386; baseline -0 -18"><span class='ocrx_word' id='word_1_4' title='bbox 387 302 750 369; x_wconf 71' lang='lat' dir='ltr'>contraxit?</span> <span class='ocrx_word' id='word_1_5' title='bbox 822 302 1102 367; x_wconf 82' lang='lat' dir='ltr'>Tantum</span> <span class='ocrx_word' id='word_1_6' title='bbox 1146 303 1548 386; x_wconf 83' lang='lat' dir='ltr'>exercitatiO,</span> <span class='ocrx_word' id='word_1_7' title='bbox 1594 300 1959 385; x_wconf 88' lang='lat' dir='ltr'>meditatio,</span> <span class='ocrx_word' id='word_1_8' title='bbox 2004 300 2411 368; x_wconf 88' lang='lat' dir='ltr'>consuetudo</span> 
     </span>
     <span class='ocr_line' id='line_1_3' title="bbox 386 390 1299 476; baseline 0 -21"><span class='ocrx_word' id='word_1_9' title='bbox 386 392 579 456; x_wconf 81' lang='lat' dir='ltr'>valet.</span> <span class='ocrx_word' id='word_1_10' title='bbox 668 390 846 476; x_wconf 87' lang='lat' dir='ltr'>Ergo</span> <span class='ocrx_word' id='word_1_11' title='bbox 891 392 1015 456; x_wconf 89' lang='lat' dir='ltr'>hoc</span> <span class='ocrx_word' id='word_1_12' title='bbox 1058 391 1299 476; x_wconf 90' lang='lat' dir='ltr'>poterit</span> 
     </span>
    </p>
   </div>
   <div class='ocr_carea' id='block_1_3' title="bbox 521 511 2411 685">
    <p class='ocr_par' dir='ltr' id='par_1_3' title="bbox 521 511 2411 685">
     <span class='ocr_line' id='line_1_4' title="bbox 521 511 2411 599; baseline -0.001 -19"><span class='ocrx_word' id='word_1_13' title='bbox 521 511 851 598; x_wconf 87' lang='lat' dir='ltr'>Samnis,</span> <span class='ocrx_word' id='word_1_14' title='bbox 933 535 1250 597; x_wconf 87' lang='lat' dir='ltr'>spurcus</span> <span class='ocrx_word' id='word_1_15' title='bbox 1332 514 1584 599; x_wconf 89' lang='lat' dir='ltr'>homo,</span> <span class='ocrx_word' id='word_1_16' title='bbox 1667 514 1833 579; x_wconf 81' lang='lat' dir='ltr'>vita</span> <span class='ocrx_word' id='word_1_17' title='bbox 1906 513 2051 578; x_wconf 89' lang='lat' dir='ltr'>illa</span> <span class='ocrx_word' id='word_1_18' title='bbox 2122 514 2411 598; x_wconf 84' lang='lat' dir='ltr'>dignus</span> 
     </span>
     <span class='ocr_line' id='line_1_5' title="bbox 1874 600 2223 685; baseline 0 -20"><span class='ocrx_word' id='word_1_19' title='bbox 1874 600 2223 685; x_wconf 89' lang='lat' dir='ltr'>locoque,</span> 
     </span>
    </p>
   </div>
   <div class='ocr_carea' id='block_1_4' title="bbox 278 741 2573 3556">
    <p class='ocr_par' dir='ltr' id='par_1_4' title="bbox 278 741 2573 3556">
     <span class='ocr_line' id='line_1_6' title="bbox 383 741 2413 828; baseline -0.001 -18"><span class='ocrx_word' id='word_1_20' title='bbox 383 744 488 810; x_wconf 80' lang='lat' dir='ltr'>vir</span> <span class='ocrx_word' id='word_1_21' title='bbox 519 748 713 810; x_wconf 90' lang='lat' dir='ltr'>natus</span> <span class='ocrx_word' id='word_1_22' title='bbox 750 743 832 809; x_wconf 88' lang='lat' dir='ltr'>ad</span> <span class='ocrx_word' id='word_1_23' title='bbox 876 742 1153 828; x_wconf 86' lang='lat' dir='ltr'>gloriam</span> <span class='ocrx_word' id='word_1_24' title='bbox 1187 742 1391 807; x_wconf 88' lang='lat' dir='ltr'>ullam</span> <span class='ocrx_word' id='word_1_25' title='bbox 1425 746 1676 827; x_wconf 88' lang='lat' dir='ltr'>partem</span> <span class='ocrx_word' id='word_1_26' title='bbox 1716 742 1916 807; x_wconf 92' lang='lat' dir='ltr'>animi</span> <span class='ocrx_word' id='word_1_27' title='bbox 1961 745 2099 807; x_wconf 93' lang='lat' dir='ltr'>tam</span> <span class='ocrx_word' id='word_1_28' title='bbox 2134 741 2413 807; x_wconf 89' lang='lat' dir='ltr'>mollem</span> 
     </span>
     <span class='ocr_line' id='line_1_7' title="bbox 385 830 2465 917; baseline 0 -20"><span class='ocrx_word' id='word_1_29' title='bbox 385 832 682 916; x_wconf 88' lang='lat' dir='ltr'>habebit,</span> <span class='ocrx_word' id='word_1_30' title='bbox 728 852 920 917; x_wconf 85' lang='lat' dir='ltr'>quam</span> <span class='ocrx_word' id='word_1_31' title='bbox 955 851 1091 895; x_wconf 92' lang='lat' dir='ltr'>non</span> <span class='ocrx_word' id='word_1_32' title='bbox 1125 830 1545 903; x_wconf 72' lang='lat' dir='ltr'>meditatione</span> <span class='ocrx_word' id='word_1_33' title='bbox 1573 834 1640 896; x_wconf 89' lang='lat' dir='ltr'>et</span> <span class='ocrx_word' id='word_1_34' title='bbox 1683 830 1935 895; x_wconf 89' lang='lat' dir='ltr'>ratione</span> <span class='ocrx_word' id='word_1_35' title='bbox 1972 830 2413 896; x_wconf 76' lang='lat' dir='ltr'>conroboret?</span> <span class='ocrx_word' id='word_1_36' title='bbox 2438 856 2465 897; x_wconf 77' lang='lat'>⁵</span> 
     </span>
     <span class='ocr_line' id='line_1_8' title="bbox 388 918 2414 1004; baseline -0.001 -18"><span class='ocrx_word' id='word_1_37' title='bbox 388 919 658 986; x_wconf 84' lang='lat' dir='ltr'>Crudele</span> <span class='ocrx_word' id='word_1_38' title='bbox 713 919 1144 1004; x_wconf 84' lang='lat' dir='ltr'>gladiatorum</span> <span class='ocrx_word' id='word_1_39' title='bbox 1199 919 1634 1004; x_wconf 88' lang='lat' dir='ltr'>spectaculum</span> <span class='ocrx_word' id='word_1_40' title='bbox 1681 921 1746 983; x_wconf 91' lang='lat' dir='ltr'>et</span> <span class='ocrx_word' id='word_1_41' title='bbox 1802 918 2226 983; x_wconf 85' lang='lat' dir='ltr'>inhumanum</span> <span class='ocrx_word' id='word_1_42' title='bbox 2268 940 2414 983; x_wconf 90' lang='lat' dir='ltr'>non</span> 
     </span>
     <span class='ocr_line' id='line_1_9' title="bbox 385 1006 2412 1091; baseline -0.001 -18"><span class='ocrx_word' id='word_1_43' title='bbox 385 1008 582 1073; x_wconf 88' lang='lat' dir='ltr'>nullis</span> <span class='ocrx_word' id='word_1_44' title='bbox 638 1007 842 1073; x_wconf 81' lang='lat' dir='ltr'>videri</span> <span class='ocrx_word' id='word_1_45' title='bbox 893 1006 1086 1090; x_wconf 87' lang='lat' dir='ltr'>solet,</span> <span class='ocrx_word' id='word_1_46' title='bbox 1141 1010 1206 1072; x_wconf 92' lang='lat' dir='ltr'>et</span> <span class='ocrx_word' id='word_1_47' title='bbox 1259 1006 1433 1071; x_wconf 88' lang='lat' dir='ltr'>haud</span> <span class='ocrx_word' id='word_1_48' title='bbox 1489 1007 1621 1071; x_wconf 89' lang='lat' dir='ltr'>scio</span> <span class='ocrx_word' id='word_1_49' title='bbox 1669 1028 1753 1071; x_wconf 88' lang='lat' dir='ltr'>an</span> <span class='ocrx_word' id='word_1_50' title='bbox 1807 1006 1901 1071; x_wconf 87' lang='lat' dir='ltr'>ita</span> <span class='ocrx_word' id='word_1_51' title='bbox 1946 1007 2059 1091; x_wconf 89' lang='lat' dir='ltr'>sit,</span> <span class='ocrx_word' id='word_1_52' title='bbox 2112 1009 2188 1071; x_wconf 91' lang='lat' dir='ltr'>ut</span> <span class='ocrx_word' id='word_1_53' title='bbox 2230 1028 2412 1071; x_wconf 91' lang='lat' dir='ltr'>nunc</span> 
     </span>
     <span class='ocr_line' id='line_1_10' title="bbox 385 1093 2409 1180; baseline -0 -21"><span class='ocrx_word' id='word_1_54' title='bbox 385 1096 480 1160; x_wconf 89' lang='lat' dir='ltr'>fit.</span> <span class='ocrx_word' id='word_1_55' title='bbox 551 1094 713 1161; x_wconf 83' lang='lat' dir='ltr'>Cum</span> <span class='ocrx_word' id='word_1_56' title='bbox 757 1117 908 1160; x_wconf 81' lang='lat' dir='ltr'>vero</span> <span class='ocrx_word' id='word_1_57' title='bbox 958 1097 1175 1159; x_wconf 90' lang='lat' dir='ltr'>sontes</span> <span class='ocrx_word' id='word_1_58' title='bbox 1217 1094 1391 1160; x_wconf 84' lang='lat' dir='ltr'>ferro</span> <span class='ocrx_word' id='word_1_59' title='bbox 1431 1093 1915 1180; x_wconf 87' lang='lat' dir='ltr'>depugnabant,</span> <span class='ocrx_word' id='word_1_60' title='bbox 1962 1095 2225 1159; x_wconf 86' lang='lat' dir='ltr'>auribus</span> <span class='ocrx_word' id='word_1_61' title='bbox 2269 1094 2409 1161; x_wconf 84' lang='lat' dir='ltr'>for-</span> 
     </span>
     <span class='ocr_line' id='line_1_11' title="bbox 385 1182 2411 1267; baseline 0 -20"><span class='ocrx_word' id='word_1_62' title='bbox 385 1185 558 1248; x_wconf 89' lang='lat' dir='ltr'>tasse</span> <span class='ocrx_word' id='word_1_63' title='bbox 604 1183 874 1267; x_wconf 86' lang='lat' dir='ltr'>multae,</span> <span class='ocrx_word' id='word_1_64' title='bbox 921 1183 1123 1248; x_wconf 91' lang='lat' dir='ltr'>oculis</span> <span class='ocrx_word' id='word_1_65' title='bbox 1170 1183 1426 1267; x_wconf 90' lang='lat' dir='ltr'>quidem</span> <span class='ocrx_word' id='word_1_66' title='bbox 1462 1183 1643 1248; x_wconf 89' lang='lat' dir='ltr'>nulla</span> <span class='ocrx_word' id='word_1_67' title='bbox 1686 1186 1945 1266; x_wconf 88' lang='lat' dir='ltr'>poterat</span> <span class='ocrx_word' id='word_1_68' title='bbox 1979 1203 2121 1248; x_wconf 86' lang='lat' dir='ltr'>esse</span> <span class='ocrx_word' id='word_1_69' title='bbox 2164 1182 2411 1247; x_wconf 86' lang='lat' dir='ltr'>fortior</span> 
     </span>
     <span class='ocr_line' id='line_1_12' title="bbox 387 1271 2487 1355; baseline 0 -19"><span class='ocrx_word' id='word_1_70' title='bbox 387 1274 616 1336; x_wconf 89' lang='lat' dir='ltr'>contra</span> <span class='ocrx_word' id='word_1_71' title='bbox 660 1271 948 1337; x_wconf 90' lang='lat' dir='ltr'>dolorem</span> <span class='ocrx_word' id='word_1_72' title='bbox 994 1275 1060 1335; x_wconf 88' lang='lat' dir='ltr'>et</span> <span class='ocrx_word' id='word_1_73' title='bbox 1102 1274 1380 1337; x_wconf 89' lang='lat' dir='ltr'>mortem</span> <span class='ocrx_word' id='word_1_74' title='bbox 1426 1271 1783 1355; x_wconf 88' lang='lat' dir='ltr'>disciplina.</span> <span class='ocrx_word' id='word_1_75' title='bbox 2436 1298 2487 1337; x_wconf 78' lang='grc' dir='ltr'>ιο</span> 
     </span>
     <span class='ocr_line' id='line_1_13' title="bbox 519 1358 2408 1425; baseline -0.001 -1"><span class='ocrx_word' id='word_1_76' title='bbox 519 1359 618 1424; x_wconf 95' lang='lat' dir='ltr'>De</span> <span class='ocrx_word' id='word_1_77' title='bbox 656 1360 1110 1425; x_wconf 87' lang='lat' dir='ltr'>exercitatione</span> <span class='ocrx_word' id='word_1_78' title='bbox 1147 1363 1215 1424; x_wconf 90' lang='lat' dir='ltr'>et</span> <span class='ocrx_word' id='word_1_79' title='bbox 1250 1360 1707 1424; x_wconf 89' lang='lat' dir='ltr'>consuetudine</span> <span class='ocrx_word' id='word_1_80' title='bbox 1750 1362 1815 1423; x_wconf 91' lang='lat' dir='ltr'>et</span> <span class='ocrx_word' id='word_1_81' title='bbox 1859 1358 2408 1425; x_wconf 88' lang='lat' dir='ltr'>commentatione</span> 
     </span>
     <span class='ocr_line' id='line_1_14' title="bbox 317 1406 2409 1533; baseline 0 -22.035"><span class='ocrx_word' id='word_1_82' title='bbox 317 1406 546 1531; x_wconf 75' lang='lat' dir='ltr'>2dixi3</span> <span class='ocrx_word' id='word_1_83' title='bbox 603 1467 748 1533; x_wconf 87' lang='lat' dir='ltr'>age,</span> <span class='ocrx_word' id='word_1_84' title='bbox 803 1470 894 1513; x_wconf 91' lang='lat' dir='ltr'>s1s</span> <span class='ocrx_word' id='word_1_85' title='bbox 902 1498 920 1532; x_wconf 87' lang='lat'>,</span> <span class='ocrx_word' id='word_1_86' title='bbox 975 1468 1143 1513; x_wconf 90' lang='lat' dir='ltr'>nunc</span> <span class='ocrx_word' id='word_1_87' title='bbox 1199 1447 1276 1513; x_wconf 91' lang='lat' dir='ltr'>de</span> <span class='ocrx_word' id='word_1_88' title='bbox 1331 1448 1582 1513; x_wconf 89' lang='lat' dir='ltr'>ratione</span> <span class='ocrx_word' id='word_1_89' title='bbox 1635 1440 1995 1531; x_wconf 81' lang='lat' dir='ltr'>videamus,</span> <span class='ocrx_word' id='word_1_90' title='bbox 2056 1447 2184 1511; x_wconf 89' lang='lat' dir='ltr'>nisi</span> <span class='ocrx_word' id='word_1_91' title='bbox 2249 1447 2409 1531; x_wconf 90' lang='lat' dir='ltr'>quid</span> 
     </span>
     <span class='ocr_line' id='line_1_15' title="bbox 386 1535 834 1601; baseline 0 -1"><span class='ocrx_word' id='word_1_92' title='bbox 386 1535 488 1600; x_wconf 81' lang='lat' dir='ltr'>vis</span> <span class='ocrx_word' id='word_1_93' title='bbox 534 1535 614 1600; x_wconf 92' lang='lat' dir='ltr'>ad</span> <span class='ocrx_word' id='word_1_94' title='bbox 657 1536 834 1601; x_wconf 89' lang='lat' dir='ltr'>haec.</span> 
     </span>
     <span class='ocr_line' id='line_1_16' title="bbox 519 1582 2403 1709; baseline 0 -20"><span class='ocrx_word' id='word_1_95' title='bbox 519 1624 603 1689; x_wconf 77' lang='lat' dir='ltr'>A.</span> <span class='ocrx_word' id='word_1_96' title='bbox 637 1622 865 1709; x_wconf 86' lang='lat' dir='ltr'>Egone</span> <span class='ocrx_word' id='word_1_97' title='bbox 891 1628 967 1689; x_wconf 90' lang='lat' dir='ltr'>ut</span> <span class='ocrx_word' id='word_1_98' title='bbox 1000 1626 1065 1688; x_wconf 91' lang='lat' dir='ltr'>te</span> <span class='ocrx_word' id='word_1_99' title='bbox 1093 1623 1541 1709; x_wconf 78' lang='lat' dir='ltr'>interpellem?</span> <span class='ocrx_word' id='word_1_100' title='bbox 1577 1644 1660 1687; x_wconf 90' lang='lat' dir='ltr'>ne</span> <span class='ocrx_word' id='word_1_101' title='bbox 1703 1582 1827 1689; x_wconf 91' lang='lat' dir='ltr'>hoc</span> <span class='ocrx_word' id='word_1_102' title='bbox 1854 1622 2110 1707; x_wconf 89' lang='lat' dir='ltr'>quidem</span> <span class='ocrx_word' id='word_1_103' title='bbox 2135 1623 2403 1707; x_wconf 79' lang='lat' dir='ltr'>vellem3</span> 
     </span>
     <span class='ocr_line' id='line_1_17' title="bbox 386 1712 2481 1778; baseline 0 -2"><span class='ocrx_word' id='word_1_104' title='bbox 386 1712 482 1776; x_wconf 93' lang='lat' dir='ltr'>ita</span> <span class='ocrx_word' id='word_1_105' title='bbox 526 1734 629 1777; x_wconf 91' lang='lat' dir='ltr'>me</span> <span class='ocrx_word' id='word_1_106' title='bbox 675 1712 756 1777; x_wconf 87' lang='lat' dir='ltr'>ad</span> <span class='ocrx_word' id='word_1_107' title='bbox 801 1712 1183 1778; x_wconf 90' lang='lat' dir='ltr'>credendum</span> <span class='ocrx_word' id='word_1_108' title='bbox 1225 1716 1342 1778; x_wconf 86' lang='lat' dir='ltr'>tua</span> <span class='ocrx_word' id='word_1_109' title='bbox 1387 1712 1561 1777; x_wconf 92' lang='lat' dir='ltr'>ducit</span> <span class='ocrx_word' id='word_1_110' title='bbox 1604 1712 1829 1777; x_wconf 90' lang='lat' dir='ltr'>oratio.</span> <span class='ocrx_word' id='word_1_111' title='bbox 2431 1736 2481 1777; x_wconf 83' lang='lat'>15</span> 
     </span>
     <span class='ocr_line' id='line_1_18' title="bbox 519 1785 2404 1885; baseline 0 -20"><span class='ocrx_word' id='word_1_112' title='bbox 519 1806 610 1865; x_wconf 84' lang='lat' dir='ltr'>M.</span> <span class='ocrx_word' id='word_1_113' title='bbox 649 1798 831 1865; x_wconf 86' lang='lat' dir='ltr'>Sitne</span> <span class='ocrx_word' id='word_1_114' title='bbox 858 1801 1064 1885; x_wconf 91' lang='lat' dir='ltr'>igitur</span> <span class='ocrx_word' id='word_1_115' title='bbox 1088 1801 1334 1865; x_wconf 80' lang='lat' dir='ltr'>malum</span> <span class='ocrx_word' id='word_1_116' title='bbox 1364 1800 1579 1865; x_wconf 91' lang='lat' dir='ltr'>dolere</span> <span class='ocrx_word' id='word_1_117' title='bbox 1615 1820 1836 1884; x_wconf 91' lang='lat' dir='ltr'>necne,</span> <span class='ocrx_word' id='word_1_118' title='bbox 1872 1796 2072 1865; x_wconf 89' lang='lat' dir='ltr'>Stoici</span> <span class='ocrx_word' id='word_1_119' title='bbox 2103 1785 2404 1879; x_wconf 82' lang='lat' dir='ltr'>viderint,</span> 
     </span>
     <span class='ocr_line' id='line_1_19' title="bbox 389 1887 2403 1974; baseline 0 -21"><span class='ocrx_word' id='word_1_120' title='bbox 389 1888 500 1974; x_wconf 90' lang='lat' dir='ltr'>qui</span> <span class='ocrx_word' id='word_1_121' title='bbox 555 1889 936 1954; x_wconf 87' lang='lat' dir='ltr'>contortulis</span> <span class='ocrx_word' id='word_1_122' title='bbox 993 1888 1373 1972; x_wconf 90' lang='lat' dir='ltr'>quibusdam</span> <span class='ocrx_word' id='word_1_123' title='bbox 1428 1891 1493 1952; x_wconf 91' lang='lat' dir='ltr'>et</span> <span class='ocrx_word' id='word_1_124' title='bbox 1550 1888 1817 1953; x_wconf 86' lang='lat' dir='ltr'>minutis</span> <span class='ocrx_word' id='word_1_125' title='bbox 1864 1887 2403 1953; x_wconf 82' lang='lat' dir='ltr'>conclusiunculis</span> 
     </span>
     <span class='ocr_line' id='line_1_20' title="bbox 387 1976 2573 2076; baseline 0 -35"><span class='ocrx_word' id='word_1_126' title='bbox 387 1998 508 2042; x_wconf 92' lang='lat' dir='ltr'>nec</span> <span class='ocrx_word' id='word_1_127' title='bbox 561 1977 641 2041; x_wconf 92' lang='lat' dir='ltr'>ad</span> <span class='ocrx_word' id='word_1_128' title='bbox 697 1997 922 2041; x_wconf 90' lang='lat' dir='ltr'>sensus</span> <span class='ocrx_word' id='word_1_129' title='bbox 985 1976 1515 2060; x_wconf 86' lang='lat' dir='ltr'>permanantibus</span> <span class='ocrx_word' id='word_1_130' title='bbox 1570 1976 1736 2040; x_wconf 89' lang='lat' dir='ltr'>effici</span> <span class='ocrx_word' id='word_1_131' title='bbox 1790 1976 2015 2040; x_wconf 81' lang='lat' dir='ltr'>volunt</span> <span class='ocrx_word' id='word_1_132' title='bbox 2067 1996 2201 2040; x_wconf 91' lang='lat' dir='ltr'>non</span> <span class='ocrx_word' id='word_1_133' title='bbox 2260 1997 2403 2041; x_wconf 88' lang='lat' dir='ltr'>esse</span> <span class='ocrx_word' id='word_1_134' title='bbox 2567 2015 2573 2076; x_wconf 55' lang='grc'>1</span> 
     </span>
     <span class='ocr_line' id='line_1_21' title="bbox 387 2063 2405 2149; baseline 0 -20"><span class='ocrx_word' id='word_1_135' title='bbox 387 2065 631 2129; x_wconf 92' lang='lat' dir='ltr'>malum</span> <span class='ocrx_word' id='word_1_136' title='bbox 667 2064 972 2129; x_wconf 91' lang='lat' dir='ltr'>dolorem.</span> <span class='ocrx_word' id='word_1_137' title='bbox 1044 2063 1189 2149; x_wconf 84' lang='lat' dir='ltr'>Ego</span> <span class='ocrx_word' id='word_1_138' title='bbox 1225 2064 1416 2146; x_wconf 91' lang='lat' dir='ltr'>illud,</span> <span class='ocrx_word' id='word_1_139' title='bbox 1451 2063 1752 2148; x_wconf 87' lang='lat' dir='ltr'>quicquid</span> <span class='ocrx_word' id='word_1_140' title='bbox 1788 2063 1904 2148; x_wconf 89' lang='lat' dir='ltr'>sit,</span> <span class='ocrx_word' id='word_1_141' title='bbox 1947 2066 2205 2129; x_wconf 92' lang='lat' dir='ltr'>tantum</span> <span class='ocrx_word' id='word_1_142' title='bbox 2243 2085 2405 2147; x_wconf 90' lang='lat' dir='ltr'>esse,</span> 
     </span>
     <span class='ocr_line' id='line_1_22' title="bbox 388 2151 2475 2237; baseline 0.001 -22"><span class='ocrx_word' id='word_1_143' title='bbox 388 2157 700 2236; x_wconf 86' lang='lat' dir='ltr'>quantum</span> <span class='ocrx_word' id='word_1_144' title='bbox 745 2152 1068 2237; x_wconf 81' lang='lat' dir='ltr'>videatur,</span> <span class='ocrx_word' id='word_1_145' title='bbox 1111 2173 1244 2217; x_wconf 92' lang='lat' dir='ltr'>non</span> <span class='ocrx_word' id='word_1_146' title='bbox 1288 2156 1476 2236; x_wconf 86' lang='lat' dir='ltr'>puto,</span> <span class='ocrx_word' id='word_1_147' title='bbox 1520 2151 1811 2236; x_wconf 90' lang='lat' dir='ltr'>falsaque</span> <span class='ocrx_word' id='word_1_148' title='bbox 1854 2151 1989 2217; x_wconf 90' lang='lat' dir='ltr'>eius</span> <span class='ocrx_word' id='word_1_149' title='bbox 2034 2152 2288 2215; x_wconf 81' lang='lat' dir='ltr'>visione</span> <span class='ocrx_word' id='word_1_150' title='bbox 2338 2156 2406 2217; x_wconf 92' lang='lat' dir='ltr'>et</span> <span class='ocrx_word' id='word_1_151' title='bbox 2428 2178 2475 2218; x_wconf 77' lang='lat'>20</span> 
     </span>
     <span class='ocr_line' id='line_1_23' title="bbox 388 2238 2403 2324; baseline 0.001 -21"><span class='ocrx_word' id='word_1_152' title='bbox 388 2240 598 2324; x_wconf 88' lang='lat' dir='ltr'>specie</span> <span class='ocrx_word' id='word_1_153' title='bbox 643 2240 888 2305; x_wconf 67' lang='lat' dir='ltr'>moveri</span> <span class='ocrx_word' id='word_1_154' title='bbox 933 2239 1228 2303; x_wconf 90' lang='lat' dir='ltr'>homines</span> <span class='ocrx_word' id='word_1_155' title='bbox 1275 2239 1419 2304; x_wconf 90' lang='lat' dir='ltr'>dico</span> <span class='ocrx_word' id='word_1_156' title='bbox 1464 2238 1934 2324; x_wconf 81' lang='lat' dir='ltr'>vehementius,</span> <span class='ocrx_word' id='word_1_157' title='bbox 1988 2239 2403 2324; x_wconf 88' lang='lat' dir='ltr'>doloremque</span> 
     </span>
     <span class='ocr_line' id='line_1_24' title="bbox 388 2326 2405 2413; baseline 0.001 -22"><span class='ocrx_word' id='word_1_158' title='bbox 388 2348 644 2392; x_wconf 90' lang='lat' dir='ltr'>omnem</span> <span class='ocrx_word' id='word_1_159' title='bbox 715 2348 853 2393; x_wconf 88' lang='lat' dir='ltr'>esse</span> <span class='ocrx_word' id='word_1_160' title='bbox 915 2326 1338 2391; x_wconf 89' lang='lat' dir='ltr'>tolerabilem.</span> <span class='ocrx_word' id='word_1_161' title='bbox 1458 2326 1644 2393; x_wconf 92' lang='lat' dir='ltr'>Unde</span> <span class='ocrx_word' id='word_1_162' title='bbox 1707 2327 1911 2413; x_wconf 86' lang='lat' dir='ltr'>igitur</span> <span class='ocrx_word' id='word_1_163' title='bbox 1981 2327 2241 2393; x_wconf 83' lang='lat' dir='ltr'>ordiar?</span> <span class='ocrx_word' id='word_1_164' title='bbox 2316 2350 2405 2393; x_wconf 87' lang='lat' dir='ltr'>an</span> 
     </span>
     <span class='ocr_line' id='line_1_25' title="bbox 388 2414 2404 2500; baseline 0.001 -21"><span class='ocrx_word' id='word_1_165' title='bbox 388 2416 608 2479; x_wconf 90' lang='lat' dir='ltr'>eadem</span> <span class='ocrx_word' id='word_1_166' title='bbox 653 2415 935 2480; x_wconf 83' lang='lat' dir='ltr'>breviter</span> <span class='ocrx_word' id='word_1_167' title='bbox 982 2414 1334 2498; x_wconf 86' lang='lat' dir='ltr'>attingam,</span> <span class='ocrx_word' id='word_1_168' title='bbox 1392 2436 1555 2499; x_wconf 89' lang='lat' dir='ltr'>quae</span> <span class='ocrx_word' id='word_1_169' title='bbox 1602 2416 1794 2481; x_wconf 93' lang='lat' dir='ltr'>modo</span> <span class='ocrx_word' id='word_1_170' title='bbox 1848 2416 2009 2499; x_wconf 85' lang='lat' dir='ltr'>dixi,</span> <span class='ocrx_word' id='word_1_171' title='bbox 2064 2436 2188 2500; x_wconf 89' lang='lat' dir='ltr'>quo</span> <span class='ocrx_word' id='word_1_172' title='bbox 2243 2414 2404 2481; x_wconf 88' lang='lat' dir='ltr'>faci-</span> 
     </span>
     <span class='ocr_line' id='line_1_26' title="bbox 278 2500 2403 2589; baseline 0.002 -24"><span class='ocrx_word' id='word_1_173' title='bbox 278 2514 351 2565; x_wconf 73' lang='lat'>43</span> <span class='ocrx_word' id='word_1_174' title='bbox 388 2503 514 2568; x_wconf 89' lang='lat' dir='ltr'>lius</span> <span class='ocrx_word' id='word_1_175' title='bbox 589 2503 796 2567; x_wconf 68' lang='lat' dir='ltr'>oratio</span> <span class='ocrx_word' id='word_1_176' title='bbox 867 2500 1173 2585; x_wconf 90' lang='lat' dir='ltr'>progredi</span> <span class='ocrx_word' id='word_1_177' title='bbox 1242 2502 1455 2585; x_wconf 88' lang='lat' dir='ltr'>possit</span> <span class='ocrx_word' id='word_1_178' title='bbox 1522 2503 1826 2589; x_wconf 86' lang='lat' dir='ltr'>longius?</span> <span class='ocrx_word' id='word_1_179' title='bbox 1938 2502 2119 2569; x_wconf 85' lang='lat' dir='ltr'>Inter</span> <span class='ocrx_word' id='word_1_180' title='bbox 2186 2505 2403 2570; x_wconf 86' lang='lat' dir='ltr'>omnis</span> 
     </span>
     <span class='ocr_line' id='line_1_27' title="bbox 385 2590 2572 2676; baseline 0.002 -22"><span class='ocrx_word' id='word_1_181' title='bbox 385 2591 585 2674; x_wconf 91' lang='lat' dir='ltr'>igitur</span> <span class='ocrx_word' id='word_1_182' title='bbox 645 2590 769 2655; x_wconf 90' lang='lat' dir='ltr'>hoc</span> <span class='ocrx_word' id='word_1_183' title='bbox 832 2591 1113 2672; x_wconf 90' lang='lat' dir='ltr'>constat,</span> <span class='ocrx_word' id='word_1_184' title='bbox 1174 2610 1292 2654; x_wconf 90' lang='lat' dir='ltr'>nec</span> <span class='ocrx_word' id='word_1_185' title='bbox 1356 2590 1578 2655; x_wconf 87' lang='lat' dir='ltr'>doctos</span> <span class='ocrx_word' id='word_1_186' title='bbox 1640 2590 1935 2656; x_wconf 89' lang='lat' dir='ltr'>homines</span> <span class='ocrx_word' id='word_1_187' title='bbox 1997 2593 2232 2676; x_wconf 90' lang='lat' dir='ltr'>solum,</span> <span class='ocrx_word' id='word_1_188' title='bbox 2286 2593 2403 2658; x_wconf 85' lang='lat' dir='ltr'>sed</span> <span class='ocrx_word' id='word_1_189' title='bbox 2428 2618 2478 2660; x_wconf 80' lang='lat'>25</span> <span class='ocrx_word' id='word_1_190' title='bbox 2570 2610 2572 2627; x_wconf 60' lang='lat'>¹</span> 
     </span>
     <span class='ocr_line' id='line_1_28' title="bbox 387 2674 2403 2764; baseline 0.002 -22"><span class='ocrx_word' id='word_1_191' title='bbox 387 2678 587 2742; x_wconf 89' lang='lat' dir='ltr'>etiam</span> <span class='ocrx_word' id='word_1_192' title='bbox 631 2678 950 2759; x_wconf 79' lang='lat' dir='ltr'>indoctOS,</span> <span class='ocrx_word' id='word_1_193' title='bbox 1002 2674 1291 2741; x_wconf 85' lang='lat' dir='ltr'>virorum</span> <span class='ocrx_word' id='word_1_194' title='bbox 1338 2698 1475 2743; x_wconf 88' lang='lat' dir='ltr'>esse</span> <span class='ocrx_word' id='word_1_195' title='bbox 1520 2678 1789 2743; x_wconf 89' lang='lat' dir='ltr'>fortium</span> <span class='ocrx_word' id='word_1_196' title='bbox 1834 2681 1902 2745; x_wconf 90' lang='lat' dir='ltr'>et</span> <span class='ocrx_word' id='word_1_197' title='bbox 1952 2680 2403 2764; x_wconf 84' lang='lat' dir='ltr'>magnanimo-</span> 
     </span>
     <span class='ocr_line' id='line_1_29' title="bbox 385 2764 2405 2849; baseline 0.003 -20"><span class='ocrx_word' id='word_1_198' title='bbox 385 2787 530 2829; x_wconf 90' lang='lat' dir='ltr'>rum</span> <span class='ocrx_word' id='word_1_199' title='bbox 585 2767 651 2829; x_wconf 93' lang='lat' dir='ltr'>et</span> <span class='ocrx_word' id='word_1_200' title='bbox 703 2764 1088 2849; x_wconf 88' lang='lat' dir='ltr'>patientium</span> <span class='ocrx_word' id='word_1_201' title='bbox 1143 2766 1210 2828; x_wconf 93' lang='lat' dir='ltr'>et</span> <span class='ocrx_word' id='word_1_202' title='bbox 1261 2765 1545 2831; x_wconf 88' lang='lat' dir='ltr'>humana</span> <span class='ocrx_word' id='word_1_203' title='bbox 1596 2766 1989 2831; x_wconf 81' lang='lat' dir='ltr'>vincentium</span> <span class='ocrx_word' id='word_1_204' title='bbox 2050 2767 2405 2835; x_wconf 84' lang='lat' dir='ltr'>toleranter</span> 
     </span>
     <span class='ocr_line' id='line_1_30' title="bbox 385 2852 2402 2940; baseline 0.002 -24"><span class='ocrx_word' id='word_1_205' title='bbox 385 2852 673 2918; x_wconf 91' lang='lat' dir='ltr'>dolorem</span> <span class='ocrx_word' id='word_1_206' title='bbox 725 2852 890 2936; x_wconf 82' lang='lat' dir='ltr'>pati3</span> <span class='ocrx_word' id='word_1_207' title='bbox 945 2872 1066 2916; x_wconf 92' lang='lat' dir='ltr'>nec</span> <span class='ocrx_word' id='word_1_208' title='bbox 1118 2873 1269 2917; x_wconf 81' lang='lat' dir='ltr'>vero</span> <span class='ocrx_word' id='word_1_209' title='bbox 1328 2855 1668 2939; x_wconf 90' lang='lat' dir='ltr'>quisquam</span> <span class='ocrx_word' id='word_1_210' title='bbox 1711 2854 1865 2939; x_wconf 89' lang='lat' dir='ltr'>fuit,</span> <span class='ocrx_word' id='word_1_211' title='bbox 1917 2854 2026 2939; x_wconf 84' lang='lat' dir='ltr'>qui</span> <span class='ocrx_word' id='word_1_212' title='bbox 2072 2876 2243 2939; x_wconf 92' lang='lat' dir='ltr'>eum,</span> <span class='ocrx_word' id='word_1_213' title='bbox 2290 2859 2402 2940; x_wconf 90' lang='lat' dir='ltr'>qui</span> 
     </span>
     <span class='ocr_line' id='line_1_31' title="bbox 385 2940 2403 3027; baseline 0.002 -22"><span class='ocrx_word' id='word_1_214' title='bbox 385 2941 481 3005; x_wconf 87' lang='lat' dir='ltr'>ita</span> <span class='ocrx_word' id='word_1_215' title='bbox 524 2942 876 3023; x_wconf 87' lang='lat' dir='ltr'>pateretur,</span> <span class='ocrx_word' id='word_1_216' title='bbox 920 2961 1053 3005; x_wconf 94' lang='lat' dir='ltr'>non</span> <span class='ocrx_word' id='word_1_217' title='bbox 1095 2940 1486 3007; x_wconf 88' lang='lat' dir='ltr'>laudandum</span> <span class='ocrx_word' id='word_1_218' title='bbox 1529 2945 1806 3027; x_wconf 89' lang='lat' dir='ltr'>putaret.</span> <span class='ocrx_word' id='word_1_219' title='bbox 1896 2940 2080 3017; x_wconf 82' lang='lat' dir='ltr'>Quod</span> <span class='ocrx_word' id='word_1_220' title='bbox 2130 2962 2286 3027; x_wconf 91' lang='lat' dir='ltr'>ergo</span> <span class='ocrx_word' id='word_1_221' title='bbox 2332 2952 2403 3009; x_wconf 88' lang='lat' dir='ltr'>et</span> 
     </span>
     <span class='ocr_line' id='line_1_32' title="bbox 384 3026 2476 3115; baseline 0.001 -21"><span class='ocrx_word' id='word_1_222' title='bbox 384 3028 752 3114; x_wconf 90' lang='lat' dir='ltr'>postulatur</span> <span class='ocrx_word' id='word_1_223' title='bbox 796 3049 835 3091; x_wconf 90' lang='lat' dir='ltr'>a</span> <span class='ocrx_word' id='word_1_224' title='bbox 878 3026 1156 3093; x_wconf 87' lang='lat' dir='ltr'>fortibus</span> <span class='ocrx_word' id='word_1_225' title='bbox 1203 3031 1267 3094; x_wconf 91' lang='lat' dir='ltr'>et</span> <span class='ocrx_word' id='word_1_226' title='bbox 1311 3030 1635 3114; x_wconf 87' lang='lat' dir='ltr'>laudatur,</span> <span class='ocrx_word' id='word_1_227' title='bbox 1682 3052 1831 3095; x_wconf 91' lang='lat' dir='ltr'>cum</span> <span class='ocrx_word' id='word_1_228' title='bbox 1875 3030 1977 3115; x_wconf 89' lang='lat' dir='ltr'>fit,</span> <span class='ocrx_word' id='word_1_229' title='bbox 2022 3030 2089 3094; x_wconf 91' lang='lat' dir='ltr'>id</span> <span class='ocrx_word' id='word_1_230' title='bbox 2134 3036 2247 3095; x_wconf 85' lang='lat' dir='ltr'>aut</span> <span class='ocrx_word' id='word_1_231' title='bbox 2292 3053 2401 3097; x_wconf 84' lang='lat' dir='ltr'>ex·</span> <span class='ocrx_word' id='word_1_232' title='bbox 2426 3058 2476 3097; x_wconf 79' lang='lat'>30</span> 
     </span>
     <span class='ocr_line' id='line_1_33' title="bbox 383 3116 2401 3203; baseline 0.001 -23"><span class='ocrx_word' id='word_1_233' title='bbox 383 3117 720 3181; x_wconf 89' lang='lat' dir='ltr'>timescere</span> <span class='ocrx_word' id='word_1_234' title='bbox 764 3116 1026 3181; x_wconf 81' lang='lat' dir='ltr'>veniens</span> <span class='ocrx_word' id='word_1_235' title='bbox 1065 3120 1178 3182; x_wconf 88' lang='lat' dir='ltr'>aut</span> <span class='ocrx_word' id='word_1_236' title='bbox 1212 3139 1347 3183; x_wconf 93' lang='lat' dir='ltr'>non</span> <span class='ocrx_word' id='word_1_237' title='bbox 1388 3118 1558 3183; x_wconf 89' lang='lat' dir='ltr'>ferre</span> <span class='ocrx_word' id='word_1_238' title='bbox 1601 3139 1905 3203; x_wconf 87' lang='lat' dir='ltr'>praesens</span> <span class='ocrx_word' id='word_1_239' title='bbox 1947 3140 2163 3183; x_wconf 91' lang='lat' dir='ltr'>nonne</span> <span class='ocrx_word' id='word_1_240' title='bbox 2206 3122 2401 3203; x_wconf 88' lang='lat' dir='ltr'>turpe</span> 
     </span>
     <span class='ocr_line' id='line_1_34' title="bbox 387 3203 2399 3291; baseline 0.002 -22"><span class='ocrx_word' id='word_1_241' title='bbox 387 3203 526 3269; x_wconf 84' lang='lat' dir='ltr'>est‘?</span> <span class='ocrx_word' id='word_1_242' title='bbox 615 3204 867 3290; x_wconf 89' lang='lat' dir='ltr'>Atquin</span> <span class='ocrx_word' id='word_1_243' title='bbox 917 3204 1089 3291; x_wconf 84' lang='lat' dir='ltr'>vide,</span> <span class='ocrx_word' id='word_1_244' title='bbox 1142 3227 1252 3288; x_wconf 91' lang='lat' dir='ltr'>ne,</span> <span class='ocrx_word' id='word_1_245' title='bbox 1301 3228 1446 3271; x_wconf 92' lang='lat' dir='ltr'>cum</span> <span class='ocrx_word' id='word_1_246' title='bbox 1502 3228 1726 3273; x_wconf 88' lang='lat' dir='ltr'>omnes</span> <span class='ocrx_word' id='word_1_247' title='bbox 1780 3208 1992 3271; x_wconf 89' lang='lat' dir='ltr'>rectae</span> <span class='ocrx_word' id='word_1_248' title='bbox 2044 3207 2242 3272; x_wconf 87' lang='lat' dir='ltr'>animi</span> <span class='ocrx_word' id='word_1_249' title='bbox 2290 3206 2399 3272; x_wconf 89' lang='lat' dir='ltr'>ad-</span> 
     </span>
     <span class='ocr_line' id='line_1_35' title="bbox 383 3256 2399 3379; baseline 0.003 -24"><span class='ocrx_word' id='word_1_250' title='bbox 383 3292 694 3357; x_wconf 78' lang='lat' dir='ltr'>sectiones</span> <span class='ocrx_word' id='word_1_251' title='bbox 746 3292 1018 3359; x_wconf 84' lang='lat' dir='ltr'>virtutes</span> <span class='ocrx_word' id='word_1_252' title='bbox 1075 3256 1507 3379; x_wconf 88' lang='lat' dir='ltr'>appellentur,</span> <span class='ocrx_word' id='word_1_253' title='bbox 1560 3316 1694 3361; x_wconf 93' lang='lat' dir='ltr'>non</span> <span class='ocrx_word' id='word_1_254' title='bbox 1748 3296 1837 3359; x_wconf 90' lang='lat' dir='ltr'>sit</span> <span class='ocrx_word' id='word_1_255' title='bbox 1889 3293 2013 3359; x_wconf 91' lang='lat' dir='ltr'>hoc</span> <span class='ocrx_word' id='word_1_256' title='bbox 2061 3295 2399 3379; x_wconf 89' lang='lat' dir='ltr'>proprium</span> 
     </span>
     <span class='ocr_line' id='line_1_36' title="bbox 383 3382 2397 3468; baseline 0.002 -25"><span class='ocrx_word' id='word_1_257' title='bbox 383 3400 621 3445; x_wconf 92' lang='lat' dir='ltr'>nomen</span> <span class='ocrx_word' id='word_1_258' title='bbox 666 3382 978 3466; x_wconf 87' lang='lat' dir='ltr'>omnium,</span> <span class='ocrx_word' id='word_1_259' title='bbox 1025 3382 1140 3447; x_wconf 87' lang='lat' dir='ltr'>sed</span> <span class='ocrx_word' id='word_1_260' title='bbox 1185 3382 1267 3446; x_wconf 91' lang='lat' dir='ltr'>ab</span> <span class='ocrx_word' id='word_1_261' title='bbox 1316 3404 1417 3466; x_wconf 87' lang='lat' dir='ltr'>ea,</span> <span class='ocrx_word' id='word_1_262' title='bbox 1472 3404 1635 3468; x_wconf 90' lang='lat' dir='ltr'>quae</span> <span class='ocrx_word' id='word_1_263' title='bbox 1680 3406 1809 3447; x_wconf 88' lang='lat' dir='ltr'>una</span> <span class='ocrx_word' id='word_1_264' title='bbox 1856 3383 2083 3447; x_wconf 90' lang='lat' dir='ltr'>ceteris</span> <span class='ocrx_word' id='word_1_265' title='bbox 2130 3384 2397 3449; x_wconf 87' lang='lat' dir='ltr'>excelle-</span> 
     </span>
     <span class='ocr_line' id='line_1_37' title="bbox 384 3467 2473 3556; baseline 0.004 -25"><span class='ocrx_word' id='word_1_266' title='bbox 384 3467 522 3552; x_wconf 91' lang='lat' dir='ltr'>bat,</span> <span class='ocrx_word' id='word_1_267' title='bbox 579 3490 800 3536; x_wconf 88' lang='lat' dir='ltr'>omnes</span> <span class='ocrx_word' id='word_1_268' title='bbox 854 3470 1224 3536; x_wconf 90' lang='lat' dir='ltr'>nominatae</span> <span class='ocrx_word' id='word_1_269' title='bbox 1280 3470 1431 3536; x_wconf 87' lang='lat' dir='ltr'>sint.</span> <span class='ocrx_word' id='word_1_270' title='bbox 1528 3471 1883 3556; x_wconf 86' lang='lat' dir='ltr'>Appellata</span> <span class='ocrx_word' id='word_1_271' title='bbox 1937 3474 2039 3535; x_wconf 90' lang='lat' dir='ltr'>est</span> <span class='ocrx_word' id='word_1_272' title='bbox 2092 3471 2261 3537; x_wconf 88' lang='lat' dir='ltr'>enim</span> <span class='ocrx_word' id='word_1_273' title='bbox 2322 3493 2397 3537; x_wconf 86' lang='lat' dir='ltr'>ex</span> <span class='ocrx_word' id='word_1_274' title='bbox 2422 3497 2473 3539; x_wconf 77' lang='lat'>³5</span> 
     </span>
    </p>
   </div>
   <div class='ocr_carea' id='block_1_5' title="bbox 288 1329 368 1394">
    <p class='ocr_par' dir='ltr' id='par_1_5' title="bbox 288 1329 368 1394">
     <span class='ocr_line' id='line_1_38' title="bbox 288 1329 368 1394; baseline 0.013 -1"><span class='ocrx_word' id='word_1_275' title='bbox 288 1329 368 1394; x_wconf 91' lang='grc'>18</span> 
     </span>
    </p>
   </div>
   <div class='ocr_carea' id='block_1_6' title="bbox 2571 1472 2574 2327">
    <p class='ocr_par' dir='ltr' id='par_1_6' title="bbox 2571 1472 2574 2327">
     <span class='ocr_line' id='line_1_39' title="bbox 2571 1472 2574 2327; baseline 0 0"><span class='ocrx_word' id='word_1_276' title='bbox 2571 1472 2574 2327; x_wconf 95' lang='lat' dir='ltr'> </span> 
     </span>
    </p>
   </div>
  </div>
 </body>
</html>
