2609 3884
396 165 577 220 XXVI
1029 162 1455 217 ADNOTATIO
1495 161 1798 216 CRITICA.

397 339 488 378 ore
523 323 767 390 Manat„
806 320 948 375 Bait.
988 350 1055 360 —
1092 319 1152 374 P.
1184 325 1305 374 235.
1335 325 1368 374 2
1407 320 1771 389 phtolomeum
1806 322 1921 390 opt.
1961 321 2151 388 codd„
2196 320 2425 375 Ptolem.

398 394 554 460 edd.;
607 393 745 461 cf.p
750 396 914 446 .258.
945 396 1038 458 37,
1088 396 1209 444 310,
1241 395 1336 457 34,
1382 395 1504 445 458.
1537 396 1620 444 19.
1660 419 1727 429 —
1764 390 1825 444 P.
1864 396 1985 444 236,
2028 396 2095 444 14
2138 392 2275 446 mihi
2318 407 2428 446 esse

399 464 522 519 cod.
552 464 626 530 E,
664 462 878 528 Madv„
915 476 1023 515 esse
1047 461 1185 516 mihi
1211 460 1335 514 cod.
1364 459 1437 529 Β,
1474 459 1621 514 Bait.
1652 491 1719 500 -
1747 460 1806 515 P.
1838 466 1957 515 237,
1992 467 2057 515 16
2094 477 2241 516 umus
2278 463 2425 530 quis-

397 551 499 604 que
543 533 702 588 codd.
751 533 796 586 B
814 532 889 601 E,
935 530 1108 598 Bait„
1163 531 1392 600 quisque
1444 530 1602 584 codd.
1662 530 1862 599 deter„
1916 530 2134 599 Madv„
2183 531 2426 586 fortasse

397 605 575 672 recte,
615 604 715 657 sed
749 604 942 657 tamen
977 600 1266 682 aliquanto
1304 600 1599 670 audacius,
1642 617 1813 670 quam
1848 601 2007 657 solet.
2081 573 2247 670 Apud
2284 601 2425 656 Var-

397 690 591 730 ronem
638 674 790 728 certe
836 673 924 726 est
971 671 1041 725 de
1091 670 1188 741 lig.
1228 671 1351 726 Lat.
1388 671 1469 726 IX
1507 677 1608 726 109
1647 688 1728 726 ex.
1766 687 1996 741 quorum
2040 689 2215 727 uuum
2258 673 2426 740 quod-

396 761 500 815 que
541 760 699 799 suam
743 747 1025 798 conservat
1067 742 1454 797 similitudinis
1487 743 1749 808 formam,
1800 742 1860 796 et
1892 746 2133 811 quantus
2166 744 2244 797 sit
2276 759 2427 797 uuus

397 817 625 885 quisque
677 814 830 883 apud
886 811 998 866 Cic.
1056 828 1276 880 quoque
1334 812 1473 893 (de
1482 827 1595 866 sen.
1644 818 1677 867 5
1716 828 1797 866 ex.
1847 816 1952 880 15).
1990 843 2057 852 —
2102 813 2164 867 P.
2201 817 2324 867 238.
2362 820 2425 867 13

397 902 628 966 quorum
662 885 848 953 princ.
898 887 992 937 est
1034 883 1209 938 Arist.
1258 883 1403 936 Bait.
1455 881 1515 936 in
1560 882 1646 937 ed.
1694 881 1852 951 mai,
1898 898 2048 952 quor.
2086 884 2271 951 princ.
2320 884 2425 937 Ar.

398 961 493 1010 est
534 955 596 1010 in
629 954 761 1009 min.
847 952 926 1007 cf.
965 952 1166 1006 Busch.
1215 952 1275 1006 in
1311 952 1576 1007 zeitschr.
1622 953 1661 1007 f.
1702 953 1754 1007 d.
1794 952 1857 1008 G.
1896 953 1985 1006 W.
2037 958 2171 1008 1872
2211 971 2266 1022 p.
2301 959 2427 1021 365,

398 1027 492 1080 hic
527 1043 584 1095 p.
616 1030 732 1080 136.
764 1029 831 1078 33
879 1024 1038 1078 cuius
1083 1024 1234 1079 Zeuo
1281 1028 1500 1089 auctor,
1546 1023 1615 1078 de
1660 1023 1771 1093 leg.
1818 1024 1897 1077 ΙΠ
1946 1029 2027 1078 16.
2068 1028 2136 1078 35
2189 1039 2430 1093 quarum

395 1097 584 1166 prima
633 1097 700 1150 de
750 1094 1164 1163 maqistratibus
1216 1063 1566 1149 mandandis.
1659 1042 1884 1149 Erravit
1937 1093 2108 1148 etiam
2156 1093 2425 1148 Wesenb.

398 1183 454 1235 p.
485 1171 606 1220 362.
635 1171 703 1219 36
740 1166 814 1234 (p.
846 1170 966 1219 281.
997 1169 1064 1218 25
1105 1165 1191 1218 ed.
1228 1164 1320 1220 Or.
1358 1165 1450 1232 H).
1480 1194 1548 1204 —
1576 1163 1639 1218 P.
1669 1170 1789 1220 238.
1819 1169 1890 1218 24
1935 1165 2211 1232 artificum
2261 1164 2426 1288 codd.

401 1253 433 1291 o
475 1237 543 1304 15,,
581 1237 788 1290 artium
822 1234 1038 1301 Madv„
1082 1232 1254 1302 Bait.;
1301 1253 1356 1290 v.
1397 1234 1589 1303 Sorof,
1634 1251 1823 1305 progr.
1860 1234 2052 1290 Potsd.
2096 1239 2232 1290 1866
2269 1253 2325 1304 p.

401 1309 421 1374 (
463 1322 492 1360 e
532 1321 609 1360 or.
648 1305 702 1359 II
742 1311 823 1359 13.
855 1310 921 1360 57
961 1306 1268 1360 clarissima
1294 1308 1456 1374 quasi
1497 1277 1769 1360 rhetorum
1805 1305 2067 1374 officina).
2106 1336 2174 1346 —
2212 1305 2271 1360 P.
2303 1241 2426 1360 2319.

403 1382 472 1430 14
506 1381 571 1430 ut
605 1378 815 1445 poetice
859 1377 1056 1444 loquar
1098 1375 1281 1429 Bakio
1330 1377 1554 1429 auctore
1591 1376 1719 1430 secl.
1757 1376 1903 1430 Bait.
1941 1375 2002 1429 in
2042 1375 2128 1430 ed.
2166 1375 2316 1445 Lips.
2356 1405 2427 1414 —

399 1447 459 1501 P.
491 1452 610 1501 240.
643 1453 671 1500 1
713 1462 821 1501 esse
856 1445 999 1500 Bait.
1035 1445 1095 1500 in
1132 1446 1218 1500 ed.
1247 1445 1398 1515 Lips.
1428 1449 1559 1515 post
1593 1447 1806 1515 qualem
1840 1464 1895 1516 p.
1926 1452 2045 1500 239,
2076 1452 2141 1501 37
2182 1446 2426 1500 colloca-

398 1517 497 1572 vit.
530 1547 597 1556 —
627 1516 687 1571 P.
718 1522 838 1571 240.
869 1522 937 1570 29
967 1517 1174 1584 patris
1198 1516 1425 1584 Lamb„
1463 1516 1607 1571 Bait.
1638 1547 1705 1558 --
1738 1517 1801 1570 P.
1831 1523 1953 1571 241.
1984 1523 2016 1571 3
2046 1534 2111 1584 sq
2115 1516 2226 1570 ‚de
2253 1517 2426 1569 inter-

399 1587 701 1658 punctione
736 1605 789 1642 v.
828 1587 902 1642 ad
938 1604 992 1656 p.
1028 1593 1142 1641 139.
1173 1592 1258 1640 32.
1299 1618 1365 1627 —
1404 1587 1465 1641 P.
1497 1593 1617 1643 241.
1649 1593 1715 1643 16
1752 1588 1867 1643 dici
1897 1603 2015 1641 vere
2054 1587 2178 1642 Per.
2216 1586 2427 1655 Madv„

398 1675 516 1713 vere
564 1657 691 1712 Per.
738 1658 852 1712 dici
887 1655 1061 1726 Bait„
1107 1658 1221 1711 dici
1263 1672 1384 1711 vere
1423 1674 1542 1726 per.
1589 1659 1703 1712 dici
1739 1659 1853 1726 opt.
1895 1657 2058 1711 codd.
2096 1687 2163 1696 --
2200 1656 2260 1711 P.
2300 1661 2422 1710 241.

399 1735 468 1784 32
513 1728 795 1784 inventum
838 1729 1012 1797 iqitur
1046 1699 1288 1796 scripsi,
1337 1727 1474 1782 Cum
1507 1729 1683 1798 iqitur
1719 1728 1879 1782 codd.
1920 1729 2061 1797 opt„
2107 1726 2217 1781 Est
2250 1728 2429 1795 iyitur

397 1799 578 1869 vulg„
615 1815 736 1853 cum
762 1799 1006 1868 exiqitur
1029 1797 1215 1852 Madv.
1246 1827 1319 1838 —-
1343 1796 1404 1851 P.
1434 1803 1554 1852 243.
1585 1804 1653 1853 29
1681 1803 1811 1853 suut
1848 1797 2007 1853 codd.
2039 1769 2176 1865 ΒΕ,
2214 1797 2426 1865 Madv.

398 1872 512 1925 siut
536 1841 709 1935 Bait.;
748 1887 799 1924 v.
831 1869 988 1938 adp.
1022 1873 1140 1922 106.
1170 1873 1256 1922 35,
1285 1898 1353 1907 -
1382 1869 1443 1922 P.
1474 1875 1593 1922 244.
1631 1874 1698 1923 28
1736 1874 2016 1938 tamquam
2050 1873 2141 1922 tra
2219 1839 2427 1934 „Ba-ut„

399 1941 480 2064 ζ
435 1939 746 2009 tamquam
705 1939 964 2008 Jtrauq.
1003 1938 1188 1992 Madv.
1202 1941 1633 2007 ,tranquillitas
1666 1944 1945 2009 tamquam
1990 1938 2150 1992 codd.
2252 1937 2316 1991 E.
2356 1968 2430 1977 -—

521 2010 849 2078 appellavit
881 1956 1057 2073 Bait„
1105 2009 1387 2076 appellant
1433 2025 1504 2076 op
1506 2011 1546 2062 15.
1586 2008 1776 2076 codd„
1820 2009 2005 2063 Madv.
2045 2037 2111 2048 --
2148 2007 2208 2062 P.
2238 2012 2359 2062 245.
2394 2014 2427 2060 9

401 2079 593 2146 Iqitur
630 2081 744 2147 opt.
785 2077 975 2145 codd.
1012 2050 1227 2145 Madv„
1264 2077 1390 2146 Ery
1392 2093 1422 2132 o
1454 2077 1598 2133 Bais.
1640 2109 1705 2119 -—
1743 2079 1804 2134 P.
1834 2084 2053 2134 245.12
2091 2078 2271 2133 Simul
2307 2078 2429 2149 [et]

399 2149 616 2216 Madv„
654 2149 772 2202 sine
807 2147 966 2201 uncis
1001 2146 1149 2201 Bait.
1233 2147 1601 2203 Scribendum
1637 2149 1862 2203 videtur
1896 2149 2078 2204 Simul
2116 2155 2194 2204 est
2229 2154 2429 2214 ortum,

400 2221 465 2274 ut
499 2237 555 2288 p.
585 2190 705 2273 1'36.
744 2223 794 2272 4.
832 2247 904 2258 —
939 2217 1000 2271 P.
1039 2222 1157 2271 245.
1197 2223 1267 2273 20
1322 2220 1557 2288 quidque
1609 2218 1755 2273 Bait.
1771 2261 1785 2288 ,
1840 2221 2111 2288 quidquid
2157 2219 2344 2274 Madv.
2394 2234 2442 2272 e.

402 2289 589 2357 codd.
634 2304 870 2357 quorum
913 2287 1072 2342 nulla
1118 2289 1206 2341 esfi
1249 2289 1358 2342 hac
1402 2289 1462 2342 in
1506 2306 1567 2344 re
1616 2290 1772 2343 fides.
1821 2320 1888 2336 -ν-
1935 2290 1995 2343 Ρ.
2040 2295 2160 2344 245.
2200 2295 2267 2343 32
2322 2305 2429 2343 sua

399 2362 660 2429 cuiusque
705 2359 836 2413 ante
883 2363 1093 2413 natura
1127 2357 1254 2411 add.
1291 2357 1437 2413 Bait.
1484 2360 1546 2414 in
1591 2360 1675 2414 ed.
1715 2360 1963 2414 Tauchn.
2004 2389 2071 2399 —
2108 2359 2168 2413 P.
2203 2364 2324 2414 245.
2357 2365 2427 2414 36

401 2433 460 2486 et
493 2448 549 2499 p.
589 2435 709 2484 246.
751 2434 779 2482 1
819 2429 952 2483 siut
989 2458 1056 2469 —
1093 2429 1370 2483 desideret
1406 2431 1520 2498 opt.
1561 2430 1747 2497 codd„
1792 2429 2007 2497 Madv„
2058 2429 2202 2484 Bait.
2239 2429 2300 2483 in
2336 2429 2424 2483 ed.

398 2499 1185 2638 ffiffissfiaffmfflssiisstssssmut‘
1199 2499 1527 2638 383518ξὲ1
1554 2530 1627 2624 ἐξ.
1656 2499 1733 2624 {22
1747 2505 1886 2624 ²32⁶ss
1902 2505 1980 2626 ²3
2004 2517 2077 2625 ‘1'1‘
2102 2516 2203 2626 {²3⁰
2228 2515 2430 2624 ἴὲΐῖῑ

400 2645 472 2698 al.
510 2644 574 2697 iu
609 2658 708 2697 suo
744 2657 932 2710 ρεπεν-ε
959 2655 1294 2709 permanere.
1326 2671 1393 2680 —
1422 2641 1483 2695 P.
1513 2646 1633 2696 246.
1666 2647 1734 2696 26
1762 2641 1955 2695 Huius
1980 2642 2123 2696 enim
2158 2642 2329 2696 aetati
2356 2671 2426 2680 —

399 2713 696 2768 audientis
731 2711 876 2765 Bait.
918 2726 949 2764 e
985 2710 1169 2764 Madv.
1209 2711 1353 2765 coni.
1391 2711 1451 2765 in
1488 2711 1575 2766 ed.
1611 2711 1718 2782 Lip
1720 2729 1789 2777 s.,
1836 2712 2029 2766 Huius
2072 2713 2215 2766 euim
2256 2713 2430 2766 aetati

399 2788 457 2838 et
491 2784 646 2837 huic
681 2811 753 2822 -
788 2781 1057 2836 audienti
1084 2780 1270 2846 codd.
1303 2780 1509 2848 Madv„
1545 2731 1718 2836 Bait.
1721 2752 1805 2836 ed.
1837 2782 1967 2836 Tur.
2008 2813 2076 2823 —
2112 2782 2173 2836 P.
2204 2786 2326 2838 246.
2358 2788 2427 2836 36

400 2851 995 2920 comprehenditurque
1041 2867 1168 2904 cum
1213 2821 1337 2930 al’ii,
1386 2853 1507 2904 tum
1544 2851 1727 2906 Madv.
1766 2853 1825 2907 et
1859 2851 2004 2907 Bait.
2052 2853 2112 2906 in
2149 2853 2234 2906 ed.
2274 2853 2427 2920 Tun,

400 2939 466 2976 ac
511 2921 980 3001 comprehenditur
1025 2919 1174 2973 idem
1220 2919 1280 2972 in
1323 2892 1413 2973 ⁷ed.
1453 2920 1605 2989 Lips.
1644 2951 1711 2961 —
1748 2923 1810 2976 P.
1840 2928 1961 2977 247.
2003 2928 2032 2977 7
2086 2939 2208 2977 cum
2244 2923 2429 2991 οο(1(1.,

398 2993 614 3060 Madv.
651 2989 794 3044 Bait.
835 2989 922 3043 ed.
963 2990 1122 3055 Tun,
1169 2991 1429 3058 quoniam
1474 3006 1505 3044 e
1540 2991 1727 3046 Madv.
1768 2992 1911 3048 coni.
1962 2993 2107 3049 Bait.
2147 2993 2233 3046 ed.
2270 2993 2426 3062 Lips.

399 3092 467 3102 —
505 3061 566 3116 P.
600 3033 728 3115 ’24¹7.
770 3065 840 3114 14
885 3058 1018 3141 [ut]
1063 3030 1250 3114 Madv.
1325 3060 1435 3114 Per
1478 3062 1878 3116 anacoluthian
1924 3063 2086 3132 quasi
2120 3080 2224 3132 pro
2274 3065 2430 3120 verbi

399 3148 570 3188 causa
603 3133 849 3201 positum
886 3129 1126 3185 videtur.
1201 3131 1331 3185 Non
1365 3131 1531 3186 nimis
1580 3132 1925 3187 dissimiliter
1959 3134 2207 3203 positum
2245 3135 2333 3188 est
2370 3151 2425 3204 p.

398 3209 520 3258 306.
549 3209 617 3256 30
655 3219 792 3272 qua,
837 3201 990 3270 quod
1023 3200 1208 3271 ipsum
1254 3219 1475 3272 quoque
1511 3202 1739 3256 fuerunt
1773 3203 1870 3272 qui
1906 3202 2157 3258 deletum
2192 3205 2425 3259 vellent.

399 3273 557 3327 —.P
588 3279 708 3328 248.
741 3278 771 3326 7
800 3287 1012 3342 quoquo
1038 3273 1194 3328 modo
1223 3273 1449 3342 scripsi,
1486 3276 2107 3358 quoquomodocumque
2114 3274 2276 3330 codd.
2311 3276 2426 3345 BE,

397 3345 882 3412 quomodocumque
907 3343 1058 3412 vulg.
1091 3373 1157 3384 -—
1186 3343 1247 3397 P.
1277 3348 1397 3398 248.
1433 3350 1498 3398 19
1526 3344 1669 3398 idem
1694 3360 1795 3413 pro
1823 3345 1951 3399 item
1981 3344 2125 3400 coni.
2154 3344 2425 3415 Madvig.

397 3431 502 3468 scr.
541 3413 685 3467 Bait.
723 3413 783 3466 in
819 3413 905 3467 ed.
934 3412 1039 3482 Lip
1043 3431 1083 3468 s.
1114 3444 1183 3453 —
1210 3414 1272 3468 P.
1302 3419 1424 3468 248.
1457 3419 1525 3468 28
1562 3415 1696 3483 quia
1731 3414 1954 3484 scripsi,
1990 3430 2120 3468 nam
2156 3417 2235 3482 si,
2272 3417 2428 3484 quod

397 3483 457 3536 in
494 3482 750 3537 omnibus
777 3431 1039 3536 videturp
1025 3499 1146 3537 esse
1185 3485 1346 3538 codd.
1378 3487 1435 3539 et
1472 3484 1658 3551 editt„
1697 3485 1954 3552 equidem
1980 3502 2094 3539 non
2129 3485 2425 3556 intellego,

2578 1615 2581 1742 I

2580 1773 2583 1882 1
