2609 3884
291 1544 360 1593 47

270 2669 350 2719 ‘48

392 155 524 220 408
789 154 1386 210 TUSCULANARUM
1419 153 2025 209 DISPUTATIONUM

395 318 758 384 obtrectare
820 338 953 382 non
1015 338 1155 382 esse
1219 316 1479 399 inutile,
1543 337 1688 381 cum
1748 319 1862 380 aut
1924 337 1992 382 se
2049 337 2185 380 non
2249 315 2455 380 idem

391 406 612 471 videat
647 408 1088 489 consecutum,
1135 404 1304 489 quod
1342 404 1569 487 alium,
1618 406 1732 468 aut
1766 403 1966 469 alium
2006 404 2198 483 idem,
2251 404 2455 487 quod

394 516 491 578 se;
536 497 786 559 metum
829 516 982 559 vero
1029 456 1088 558 si
1132 493 1243 577 qui
1289 492 1689 575 sustulisset,
1748 514 2003 558 omnem
2047 492 2229 557 vitae
2280 492 2453 556 dili-

392 583 680 667 gentiam
727 582 1056 647 sublatam
1101 580 1266 666 fore,
1312 602 1477 666 quae
1515 602 1766 645 summa
1807 583 1977 645 esset
2020 581 2090 645 in
2135 602 2236 644 e1s
2245 630 2265 664 ,
2321 581 2452 664 qui

389 672 594 757 leges,
641 671 751 756 qui
796 670 1243 755 magistratuS,
1303 668 1415 753 qui
1458 672 1937 754 paupertatem,
1982 668 2093 753 qui
2134 669 2450 753 ignomi-
2476 695 2501 735 5

389 760 592 842 niam,
630 759 740 843 qui
776 762 1069 841 mortem,
1107 757 1216 842 qui
1254 756 1546 821 dolorem
1584 757 1904 823 timerent.
1978 756 2158 821 Haec
2198 761 2453 821 tamen

389 848 486 912 ita
532 809 895 931 disputant,
931 850 1006 912 ut
1038 845 1387 909 resecanda
1425 866 1566 910 esse
1610 844 1969 930 fateantur,
2007 844 2206 909 evelli
2246 847 2453 928 peni-

389 939 496 1000 tus
551 935 772 1000 dicant
824 955 944 999 nec
996 955 1188 1018 posse
1241 954 1362 998 nec
1418 954 1579 1016 opus
1638 954 1813 1016 esse,
1868 937 1934 998 'et
1984 932 2055 998 in
2110 934 2451 998 omnibus

387 1023 523 1087 fere
586 1023 777 1087 rebus
833 1021 1346 1087 mediocritatem
1415 1041 1555 1085 esse
1624 1024 1959 1105 optumam
2024 1021 2451 1086 existiment.

391 1110 570 1188 Quae
625 1132 771 1176 cum
817 1112 1173 1194 exponunt,
1229 1109 1478 1174 nihilne
1532 1109 1655 1174 tibi
1700 1109 1997 1174 videntur
2040 1130 2125 1173 an
2172 1109 2451 1195 aliquid
2476 1138 2511 1175 ιο

389 1198 641 1263 dicere?

521 1312 604 1377 A.
655 1310 822 1377 Mihi
867 1333 1017 1378 vero
1066 1311 1274 1376 dicere
1322 1310 1591 1395 aliquid,
1636 1311 1855 1395 itaque
1910 1315 2207 1396 expect0,
2276 1314 2449 1397 quid

395 1401 476 1466 ad
520 1402 668 1466 ista.

522 1512 614 1570 M.
675 1504 1023 1590 Reperiam
1085 1505 1393 1589 fortasse,
1458 1505 1570 1570 sed
1631 1504 1798 1569 illud
1862 1508 2037 1570 ante·
2110 1504 2445 1591 Videsne,

392 1597 635 1681 quanta
669 1594 867 1659 fuerit
898 1593 1068 1677 apud
1095 1556 1522 1658 Academicos
1551 1593 1979 1658 verecundia?
2015 1594 2212 1677 plane
2248 1598 2443 1661 enim
2467 1624 2503 1663 ιι

390 1684 638 1767 dicunt,
685 1682 854 1768 quod
899 1682 979 1747 ad
1023 1703 1161 1746 rem
1205 1683 1550 1764 pertineat.
1652 1680 2101 1766 Peripateticis
2151 1704 2443 1767 respon-

390 1769 576 1835 detur
629 1792 669 1835 a
723 1768 976 1835 Stoicis.
1075 1768 1532 1854 Digladientur
1584 1768 1684 1840 illi
1736 1791 1853 1853 per
1908 1792 2011 1834 me
2066 1769 2253 1853 licet,
2323 1775 2438 1838 oui

388 1858 555 1923 nihil
601 1861 701 1923 est
741 1879 1001 1923 necesse
1046 1858 1201 1941 nisi,
1248 1858 1361 1923 ubi
1405 1857 1494 1923 sit
1536 1857 1727 1943 illud,
1774 1857 1945 1942 quod
1981 1858 2117 1923 veri
2157 1820 2439 1925 sir’njlli-

388 1968 566 2011 mum
619 1946 940 2029 videatur,
996 1908 1352 2029 anquirere.
1456 1944 1623 2022 Quid
1670 1949 1769 2010 est
1813 1946 2037 2031 igitur,
2090 1947 2273 2031 quod
2325 1970 2435 2015 oc·

390 2037 609 2099 currat
652 2034 721 2097 in
766 2033 891 2098 hac
934 2034 1339 2119 quaestione,
1386 2054 1419 2097 e
1468 2054 1593 2119 quo
1638 2034 1852 2117 possit
1897 2034 2133 2119 attingi
2169 2034 2435 2120 aliquid
2461 2066 2502 2103 ιο
2553 2102 2555 2107 ,

388 2123 526 2186 veri
573 2116 830 2185 simile?
886 2143 1013 2206 quo
1067 2121 1329 2205 longius
1375 2143 1557 2186 mens
1604 2120 1887 2187 humana
1931 2122 2239 2207 progredi
2290 2146 2435 2190 non
2553 2122 2555 2127 ’

389 2212 623 2294 potest.
721 2206 1031 2274 Definitio
1084 2209 1621 2292 perturbationis,
1680 2231 1808 2293 qua
1860 2213 2034 2274 recte
2087 2210 2431 2278 Zenonem

391 2319 576 2362 usum
639 2300 817 2380 puto,
923 2296 1030 2361 Ita
1093 2298 1264 2362 enim
1329 2297 1576 2376 definit,
1640 2301 1714 2361 ut
1765 2297 2267 2400 perturbatio
2338 2302 2431 2367 sit

390 2406 666 2451 aversa
720 2406 760 2450 a
812 2386 1115 2450 ratione
1177 2389 1449 2451 contra
1505 2389 1857 2451 naturam
1918 2386 2152 2451 animi
2212 2408 2428 2453 com-

388 2474 658 2558 moti0,
721 2474 822 2538 vel
884 2473 1174 2557 brevius,
1238 2477 1314 2538 ut
1374 2474 1780 2557 perturbatio
1854 2474 1941 2538 sit
2004 2473 2493 2558 adpetituszs

387 2562 946 2647 vehementior,
989 2561 1429 2627 vehementior
1474 2567 1690 2627 autem
1727 2562 2204 2648 intellegatur
2181 2566 2422 2650 1s‚qui

388 2650 612 2733 procul
667 2650 843 2715 absit
895 2672 934 2715 a
988 2653 1258 2714 naturae
1314 2652 1699 2717 constantia.
1792 2650 1957 2727 Quid
2014 2650 2093 2714 ad
2135 2650 2261 2716 has
2314 2653 2419 2717 de-

387 2739 716 2803 finitiones
770 2738 1024 2822 possint
1079 2737 1332 2803 dicere?
1436 2738 1652 2823 Atque
1698 2737 1859 2803 haec
1903 2739 2214 2823 pleraque
2260 2745 2420 2805 sunt

388 2825 735 2908 prudenter
781 2830 1090 2910 acuteque
1138 2826 1617 2911 disserentium,
1670 2826 1790 2891 illa
1841 2826 2097 2911 quidem
2141 2848 2223 2891 ex
2266 2827 2417 2893 rhe-

387 2917 606 2977 torum
650 2935 918 2997 pompa:
984 2913 1332 2980 ‘ardores
1380 2915 1804 2981 animorum
1850 2918 2216 2999 cotesque
2260 2917 2417 2981 vir·
2442 2943 2487 2981 ao

386 3002 656 3066 tutum.
658 2999 680 3028 '
771 3000 880 3065 An
935 3022 1089 3066 vero
1146 3002 1244 3066 vir
1296 3001 1516 3086 fortiS‚
1567 3002 1695 3067 nisi
1744 3002 2135 3068 stomachari
2179 3005 2416 3088 coepit,

385 3108 518 3152 non
553 3090 772 3171 potest
797 3088 987 3152 fortis
1016 3090 1200 3153 esse?
1263 3088 1735 3155 Gladiatorium
1767 3090 1837 3154 id
1865 3091 2149 3176 quidem3
2187 3111 2411 3173 quam-

388 3196 582 3259 quam
627 3176 698 3240 in
742 3175 834 3241 eis
879 3176 1039 3261 ipsis
1088 3177 1377 3242 videmus
1424 3200 1617 3263 saepe
1663 3179 2119 3244 constantiam.

475 3287 1093 3375 Conloquuntur,
1147 3291 1782 3377 congrediuntur,
1838 3295 2218 3377 quaerunt
2265 3294 2410 3357 ali·

1533 3380 1740 3465 quid,
1797 3381 2231 3465 postulant,

384 3481 458 3545 ut
512 3482 723 3565 magis
777 3482 1020 3565 placati
1076 3503 1270 3565 quam
1322 3482 1477 3549 irati
1533 3506 1671 3549 esse
1712 3485 2071 3551 videantur.
2162 3482 2286 3549 Sed
2337 3487 2409 3552 in
2433 3515 2484 3555 ³5
