2609 3884
376 117 506 181 222
697 117 794 171 DE
832 116 1125 171 FINIBUS
1160 115 1523 173 BONORUM
1557 118 1653 172 ΕΤ
1690 116 2055 173 MALORUM

373 279 627 364 pitudo,
671 300 804 344 non
849 300 992 344 esse
1036 278 1202 344 illud
1246 278 1506 343 malum.
1596 278 1777 345 Haec
1825 280 1937 365 qui
1984 277 2275 364 audierit,
2319 282 2396 344 ut

373 368 583 433 ridere
644 389 777 432 non
831 371 1037 451 curet,
1101 367 1390 432 discedet
1444 371 1668 433 tamen
1728 368 1935 433 nihilo
1998 369 2248 434 firmior
2312 368 2395 433 ad

270 476 337 526 53
378 456 669 522 dolorem
721 455 1083 540 ferendum,
1138 478 1333 540 quam
1386 460 1670 521 venerat.
1767 457 1867 521 Tu
1922 461 2138 522 autem
2190 476 2393 540 negas

372 544 611 610 fortem
683 564 824 609 esse
887 565 1277 628 quemquam
1339 565 1560 629 posse,
1622 544 1737 629 qui
1796 545 2086 611 dolorem
2148 546 2396 610 malum

373 636 572 717 putet.
675 629 807 698 Cur
858 632 1094 698 fortior
1148 634 1260 711 sit,
1317 632 1376 697 si
1430 632 1619 717 illud,
1677 633 1850 717 quod
1894 637 2033 699 tute
2080 632 2394 716 concedis,
2419 658 2447 699 5

375 742 677 805 asperum
732 724 800 785 et
850 721 959 786 vix
1013 720 1346 785 ferendum
1398 720 1703 803 putabit?
1799 722 1901 787 Ex
1963 722 2157 787 rebus
2218 722 2395 787 enim

372 809 721 893 timiditas,
765 830 898 873 non
943 830 1022 873 ex
1066 808 1397 875 vocabulis
1440 810 1747 875 nascitur.
1836 810 1927 875 Et
1982 810 2079 875 ais
2088 860 2106 894 ,
2162 809 2221 874 si
2263 831 2395 875 una

371 898 596 962 littera
667 899 994 961 commota
1057 897 1169 980 sit,
1230 896 1373 962 fore
1441 900 1586 963 tota
1651 900 1728 962 ut
1788 898 1969 963 labet
2030 897 2395 981 disciplina.

371 984 610 1051 Utrum
673 984 876 1069 igitur
935 984 1061 1048 tibi
1121 985 1409 1049 litteram
1461 985 1686 1051 videor
1741 1008 1825 1051 an
1875 990 2053 1052 totas
2114 986 2393 1071 pag-inas

374 1071 821 1139 commovere?
917 1070 1012 1137 Ut
1066 1072 1238 1138 enim
1285 1074 1373 1138 sit
1419 1073 1589 1157 apud
1640 1074 1818 1153 illos,
1870 1074 1940 1139 id
1986 1074 2161 1158 quod
2205 1077 2309 1139 est
2355 1096 2395 1138 a
2423 1102 2473 1140 ιο

371 1164 438 1225 te
483 1160 846 1245 laudatum,
901 1160 1058 1225 ordo
1103 1182 1318 1225 rerum
1372 1166 1789 1228 conservatus
1847 1165 1913 1227 et
1958 1162 2177 1228 omnia
2220 1162 2395 1227 inter

374 1270 443 1314 se
493 1252 648 1332 apta
693 1252 760 1313 et
803 1270 1048 1313 conexa
1093 1247 1217 1335 (sic
1263 1250 1436 1315 enim
1482 1246 1761 1337 aiebas),
1814 1254 2037 1315 tamen
2088 1251 2396 1334 persequi

370 1359 504 1403 non
550 1337 884 1422 debemus,
931 1337 988 1401 si
1025 1359 1066 1401 a
1099 1336 1285 1403 falsis
1323 1338 1659 1422 principiis
1694 1339 1988 1422 profecta
2024 1342 2395 1423 congruunt

269 1446 336 1495 54
373 1426 520 1509 ipsa
566 1425 694 1491 sibi
738 1428 804 1489 et
850 1447 891 1489 a
933 1426 1268 1510 proposito
1314 1448 1447 1491 non
1492 1427 1813 1491 aberrant.
1888 1426 1970 1492 In
2014 1427 2227 1510 prima
2270 1427 2393 1512 igi-

372 1517 478 1578 tur
523 1514 986 1580 constitutione
1023 1514 1196 1579 Zeno
1240 1517 1393 1578 tuus
1432 1536 1471 1579 a
1505 1517 1741 1582 natura
1774 1516 2071 1598 recessit,
2116 1536 2392 1599 cumque
2422 1542 2473 1583 15

374 1624 698 1667 summum
733 1602 976 1668 bonum
1010 1602 1338 1685 posuisset
1365 1603 1435 1667 in
1462 1603 1706 1688 ingenii
1741 1604 2159 1687 praestantia,
2194 1625 2395 1687 quam

372 1691 682 1756 virtutem
735 1712 1069 1774 vocamus,
1122 1711 1243 1755 nec
1295 1690 1637 1775 quicquam
1700 1691 1877 1756 aliud
1942 1713 2083 1758 esse
2146 1691 2395 1757 bonum

373 1778 668 1863 dixisset,
703 1778 833 1843 nisi
870 1777 1047 1863 quod
1082 1780 1255 1843 esset
1290 1778 1652 1862 honestum,
1698 1801 1817 1845 nec
1853 1780 2163 1844 virtutem
2198 1801 2393 1864 posse

373 1870 695 1950 constare,
759 1866 819 1931 si
879 1867 950 1929 in
1003 1866 1234 1931 ceteris
1299 1867 1513 1932 rebus.
1549 1870 1719 1933 esset
1781 1868 2153 1953 quicquam,
2219 1868 2393 1952 quod

373 1953 547 2023 aliud
591 1954 718 2019 alio
765 1954 998 2018 melius
1037 1957 1208 2019 esset
1242 1956 1357 2018 aut
1391 1955 1602 2039 peius,
1646 1955 1751 2021 his
1789 1956 2141 2040 propositis
2176 1956 2391 2021 tenuit
2417 1984 2471 2024 20

369 2063 635 2125 prorsus
673 2041 1148 2126 consequentia.
1201 2040 1400 2107 Recte
1438 2042 1626 2127 dicis3
1662 2064 1901 2130 negare
1933 2066 2067 2110 non
2102 2066 2391 2128 possum.

374 2128 502 2193 Sed
555 2129 653 2193 ita
703 2128 877 2194 falsa
921 2132 1074 2194 sunt
1119 2151 1222 2213 ea,
1274 2152 1441 2214 quae
1486 2136 1989 2216 consequuntur,
2042 2135 2118 2197 ut
2161 2132 2308 2217 illa,
2354 2155 2391 2197 6

268 2238 334 2287 55
373 2216 604 2300 quibus
649 2216 811 2281 haec
845 2221 1003 2282 nata
1039 2220 1224 2301 sunt,
1260 2240 1417 2283 vera
1452 2240 1591 2284 esse
1627 2242 1760 2286 non
1793 2221 2066 2304 possint.
2137 2218 2393 2286 Docent

374 2304 546 2369 enim
582 2326 730 2388 nos,
776 2308 852 2369 ut
888 2306 1044 2389 scis,
1090 2305 1440 2389 dialectici,
1484 2308 1541 2371 si
1578 2329 1680 2393 ea,
1721 2330 1885 2393 quae
1922 2330 2060 2374 rem
2098 2308 2390 2393 aliquam

373 2396 749 2477 sequantur,
793 2393 964 2459 falsa
1009 2394 1168 2478 sint,
1211 2394 1445 2460 falsam
1488 2395 1669 2463 illam
1712 2398 1925 2481 ipsam
1972 2418 2140 2480 esse,
2194 2418 2390 2481 quam
2418 2424 2469 2466 25

373 2484 740 2566 sequantur.
814 2480 920 2547 Ita
964 2482 1041 2547 fit
1085 2481 1204 2547 illa
1249 2484 1573 2550 conclusio
1618 2507 1749 2553 non
1795 2486 2007 2551 solum
2049 2506 2231 2569 vera,
2277 2486 2393 2551 sed

370 2570 467 2635 ita
512 2570 874 2655 perspicua,
927 2574 1004 2635 ut
1047 2571 1368 2637 dialectici
1392 2594 1490 2639 .ne
1535 2574 1855 2638 rationem
1906 2574 2165 2657 quidem
2208 2574 2391 2640 reddi

369 2661 602 2742 putent
645 2662 968 2743 oportere:
1023 2657 1093 2725 Si
1138 2660 1326 2745 illud,
1370 2660 1520 2745 hoc;
1563 2682 1697 2726 non
1734 2665 1953 2727 autem
1989 2662 2141 2747 hoc3
2188 2662 2391 2747 igitur

368 2766 451 2809 ne
496 2745 662 2812 illud
706 2748 981 2829 quidem.
1071 2745 1178 2813 Sic
1232 2750 1770 2832 consequentibus
1824 2750 2061 2814 vestris
2109 2750 2389 2817 sublatis

369 2833 580 2915 prima
624 2834 962 2901 tolluntur.
1035 2834 1215 2911 Quae
1260 2840 1616 2920 sequuntur
1660 2837 1906 2922 igitur?
1980 2836 2241 2923 Omnes,
2276 2840 2389 2923 qui
2417 2866 2471 2907 30

369 2941 503 2984 non
539 2920 673 2984 sint
700 2922 1045 3007 sapientes,
1071 2945 1273 3008 aeque
1301 2925 1574 2990 miseros
1603 2946 1764 3009 esse,
1799 2926 2123 3009 sapientes
2162 2948 2389 2992 omnes

373 3028 619 3072 summe
681 3008 911 3074 beatos
929 3059 948 3094 ,
1009 3014 1183 3076 recte
1244 3012 1423 3077 facta
1484 3013 1703 3078 omnia
1770 3014 2096 3098 aequalia,
2169 3016 2391 3081 omnia

369 3098 636 3177 peccata
688 3096 900 3179 paria3
957 3119 1123 3182 quae
1179 3120 1325 3165 cum
1380 3101 1721 3183 magnifice
1771 3102 1985 3185 primo
2042 3101 2170 3167 dici
2214 3103 2388 3169 vide-

369 3185 618 3267 rentur,
664 3184 1070 3250 considerata
1115 3187 1327 3251 minus
1376 3189 1838 3271 probabantur.
1928 3188 2165 3255 Sensus
2214 3191 2387 3256 enim

370 3270 676 3355 cuiusque
722 3274 789 3336 et
830 3276 1064 3338 natura
1098 3295 1315 3339 rerum
1360 3278 1553 3360 atque
1599 3276 1744 3360 ipsa
1783 3278 2023 3343 veritas
2062 3279 2389 3345 clamabat
2414 3302 2467 3345 ⁸5

369 3357 650 3441 quodam
711 3360 904 3426 modo
965 3382 1100 3426 non
1161 3383 1354 3446 posse
1418 3364 1674 3449 adduci,
1736 3368 1813 3430 ut
1872 3365 2043 3431 inter
2094 3388 2205 3432 eas
2264 3388 2389 3453 res,

369 3467 531 3530 quas
577 3445 750 3512 Zeno
799 3453 1211 3535 exaequaret,
1256 3450 1424 3515 nihil
1470 3452 1828 3518 interesset.
