2609 3884
633 150 768 206 ΠΒ.
806 152 901 207 111
959 150 1111 207 CAP.
1152 156 1296 205 18-
1311 158 1395 207 20.
1452 156 1666 218 §61-
1680 158 1763 207 ee.
2082 151 2209 215 195

178 312 376 374 natae
414 316 600 389 sunt,
637 314 708 375 at
741 312 878 397 illa,
915 334 1079 397 quae
1115 312 1186 377 in
1221 313 1467 378 concha
1501 313 1729 397 patula
1767 314 1924 398 pina
1958 313 2210 398 dicitur,

176 397 392 481 isque,
465 399 579 484 qui
634 403 786 465 enat
839 421 874 464 0
934 401 1203 485 00110110,
1266 401 1403 485 qui,
1463 400 1635 485 quod
1701 423 1844 465 eam
1909 401 2209 485 custodit,

177 486 519 568 pinoteres
574 490 841 553 vocatur
894 488 965 552 in
1019 489 1411 590 eandemque
1468 510 1611 554 cum
1669 511 1738 553 se
1792 490 2063 572 recepit,
2115 489 2210 553 in-

181 573 495 660 cluditur,
563 577 640 640 ut
687 575 984 641 videatur
1037 577 1394 660 monuisse,
1448 580 1522 641 ut
1586 581 1866 660 caveret,
1929 576 2210 660 itemque

131 685 156 725 8
180 661 532 747 formicae,
569 684 753 747 apes,
789 664 1073 729 ciconiae
1110 664 1389 729 aliorum
1428 666 1625 729 etiam
1662 686 1857 729 causa
1898 664 2213 748 quaedam

181 748 454 815 faciunt.
537 750 745 816 Multo
789 751 953 816 haec
998 752 1397 817 coniunctius
1441 752 1754 818 homines,
1825 752 2053 838 Itaque
2098 775 2211 817 na-

179 841 328 901 tura
381 860 612 903 sumus
657 838 798 923 apti
853 839 935 903 ad
979 844 1229 924 coetus,
1273 840 1573 924 concilia,
1619 840 1935 906 civitates.
2023 840 2207 905 Mun·
2247 861 2316 911 64

182 924 334 989 dum
374 929 600 991 autem
637 930 902 991 censent
934 928 1074 1012 regi
1117 928 1382 992 numine
1419 928 1711 1013 deorum,
1758 950 2030 1013 eumque
2068 950 2211 995 esse

182 1012 374 1097 quasi
440 1035 847 1079 communem
911 1015 1137 1079 urbem
1201 1018 1268 1079 et
1339 1015 1672 1081 civitatem
1734 1016 2073 1081 hominum
2144 1020 2211 1081 et

111 1126 156 1166 ιο
181 1101 484 1185 deorum,
537 1105 605 1166 et
657 1124 858 1167 unum
914 1124 1226 1187 quemque
1270 1107 1569 1168 nostrum
1615 1104 1751 1169 eius
1799 1103 2023 1169 mundi
2069 1126 2210 1169 esse

180 1192 475 1273 partem3
521 1211 600 1254 ex
643 1185 769 1274 qtio
815 1190 980 1255 illud
1019 1194 1258 1256 natura
1301 1193 1634 1295 consequi,
1685 1195 1762 1257 ut
1806 1213 2210 1258 communem

180 1277 547 1342 utilitatem
573 1282 834 1343 nostrae
863 1282 1351 1364 anteponamus.
1395 1279 1490 1346 Ut
1516 1282 1686 1345 enim
1713 1281 1919 1383 leges·
1920 1282 2210 1345 omnium

183 1365 471 1431 salutern
523 1365 926 1451 singulorum
982 1367 1182 1432 saluti
1237 1371 1666 1452 anteponunt,
1720 1370 1813 1434 sic
1858 1369 1957 1433 vir
2002 1369 2210 1433 bonus

183 1457 248 1517 et
322 1454 588 1537 sapiens
662 1457 728 1518 et
788 1455 1044 1540 legibus
1107 1476 1343 1538 parens
1409 1459 1477 1520 et
1547 1456 1754 1521 civilis
1820 1455 2017 1521 officii
2078 1478 2213 1519 non

114 1564 160 1607 15
183 1541 462 1625 ignarus
524 1541 796 1607 utilitati
859 1542 1147 1607 omnium
1212 1544 1359 1626 plus
1425 1566 1619 1628 quam
1681 1543 1873 1609 unius
1938 1543 2211 1608 alicuius

187 1633 300 1694 aut
347 1650 508 1694 suae
552 1630 849 1695 consulit.
875 1660 891 1704 ·,
944 1630 1083 1696 Νο0
1142 1632 1354 1715 magis
1412 1634 1513 1696 est
1555 1628 2017 1714 vituperandus
2063 1651 2211 1713 pro-

187 1717 361 1782 ditor
427 1718 682 1802 patriae
742 1740 936 1803 quam
1000 1720 1358 1783 communis
1431 1719 1737 1783 utilitatis
1804 1721 1918 1782 aut
1980 1718 2209 1783 salutis

188 1804 484 1870 desertor
545 1809 812 1889 propter
874 1828 1059 1871 suam
1121 1807 1479 1871 utilitatem
1544 1809 1658 1871 aut
1713 1806 2005 1870 salutem.
2108 1804 2211 1871 Ex

189 1914 314 1976 quo
361 1893 467 1976 fit,
511 1896 588 1957 ut
627 1893 985 1958 laudandus
1031 1894 1091 1958 is
1139 1894 1251 1976 sit,
1297 1895 1411 1978 qui
1454 1897 1733 1959 mortem
1779 1896 2049 1977 oppetat
2090 1915 2209 1977 pro

121 2002 170 2044 ιο
193 2002 260 2044 10
305 1942 602 2065 publica,
653 1981 824 2082 quod
877 1981 1104 2047 deceat
1146 1982 1463 2047 cariorem
1504 1982 1695 2047 nobis
1748 2002 1887 2045 esse
1930 1982 2213 2065 patriam

191 2089 386 2151 quam
431 2072 689 2133 nosmet
731 2068 928 2153 ipsos.
1019 2068 1465 2153 Quoniamque
1518 2069 1636 2133 illa
1680 2091 1808 2135 vox
1855 2069 2213 2134 inhumana

193 2158 258 2221 et
309 2157 628 2221 scelerata
679 2155 934 2221 ducitur
991 2178 1241 2240 eorum,
1295 2158 1408 2241 qui
1459 2162 1704 2259 negant
1767 2178 1835 2221 80
1897 2179 2211 2239 recusare,

194 2265 319 2328 quo
366 2245 584 2309 minus
627 2244 792 2328 ipsis
829 2245 1101 2310 mortuis
1137 2249 1459 2309 terrarum
1496 2246 1785 2310 omnium
1832 2244 2209 2329 deflagratio

194 2335 624 2416 consequatur
669 2328 866 2416 (quod
914 2333 1172 2417 vulgari
1217 2334 1497 2418 quodam
1543 2356 1733 2398 versu
1772 2332 2019 2399 Graeco
2063 2354 2210 2416 pro-

125 2440 170 2482 25
194 2420 482 2484 nuntiari
537 2416 760 2504 solet),
822 2423 994 2485 certe
1048 2442 1268 2484 verum
1334 2424 1435 2485 est
1496 2422 1692 2486 etiam
1754 2421 1863 2505 iis,
1926 2420 2038 2504 qui
2094 2419 2212 2482 ali-

193 2507 452 2590 quando
508 2507 712 2572 futuri
765 2508 922 2591 sint,
976 2529 1116 2572 esse
1169 2512 1438 2593 propter
1488 2509 1665 2592 ipsos
1729 2506 2209 2573 consulendum.
2229 2563 2317 2626 20

191 2592 292 2659 Ex
366 2595 494 2660 hac
570 2596 933 2661 animorum
1005 2596 1339 2661 affectione
1427 2599 1821 2661 testamenta
1890 2615 2209 2660 commen·
2247 2640 2315 2689 65

192 2682 612 2768 dationesque
665 2683 1080 2748 morientium
1133 2687 1327 2748 natae
1384 2688 1552 2749 sunt.
1651 2682 1959 2766 Quodque
2016 2703 2209 2747 nemo

191 2770 260 2835 in
295 2792 554 2836 summa
590 2770 939 2837 solitudine
984 2772 1188 2836 vitam
1226 2793 1419 2856 agere
1455 2772 1615 2836 velit
1645 2792 1729 2835 ne
1765 2792 1910 2835 cum
1954 2769 2212 2835 infinita

120 2880 168 2921 80
194 2859 452 2942 quidem
501 2858 906 2944 voluptatum
952 2859 1374 2942 abundantia,
1418 2858 1612 2924 facile
1650 2858 2055 2944 intellegitur
2088 2880 2209 2924 nos

194 2947 274 3011 ad
317 2946 839 3012 coniunctionem
892 2947 1581 3031 congregationemque
1631 2947 1971 3012 hominum
2018 2950 2082 3011 et
2128 2947 2211 3011 ad

191 3034 562 3101 naturalem
642 3034 1168 3099 communitatem
1253 3055 1393 3098 0880
1471 3039 1684 3100 natos.
1806 3034 2212 3119 Impellimur

193 3126 413 3188 autem
456 3126 720 3206 natura,
763 3126 839 3187 ut
879 3121 1188 3207 prodesse
1234 3123 1511 3187 velimus
1558 3144 1753 3206 quam
1798 3122 2095 3208 plurimis
2141 3122 2212 3186 in

191 3210 548 3295 primisque
594 3146 922 3275 docendop
923 3209 1408 3294 rationibusque
1443 3210 1824 3293 prudentiae
1862 3210 2209 3275 tradendis.

121 3320 168 3361 ³⁵
192 3296 419 3382 Itaque
472 3319 606 3363 non
658 3297 850 3363 facile
907 3301 1005 3362 est
1055 3298 1371 3381 invenire,
1429 3298 1567 3383 qui,
1624 3299 1796 3381 quod
1842 3298 2007 3363 sciat
2048 3298 2207 3380 ipse,
2244 3314 2312 3363 66

196 3407 326 3449 non
377 3384 599 3450 tradat
651 3385 865 3469 alteri3
918 3385 1016 3449 ita
1067 3406 1200 3450 non
1245 3385 1458 3450 solum
1505 3386 1585 3450 ad
1642 3385 2007 3450 discendum
2061 3405 2206 3465 pro-

197 3473 381 3556 pensi
436 3494 684 3557 sumus,
736 3494 960 3538 verum
1016 3473 1214 3538 etiam
1269 3472 1353 3537 ad
1412 3473 1784 3538 docendum.
1873 3471 2089 3554 Atque
2134 3474 2210 3535 ut

1674 3572 1784 3627 13*
