2609 3884
1013 12 1052 29 —n

623 167 1752 236 111Β.1Π.οΑΡ.11-13.539-44.
2076 169 2202 237 187

171 330 534 395 discrimen
563 330 846 413 adduxit,
879 333 1226 414 propterea
1263 332 1433 416 quod
1468 351 1757 416 pugnare
1794 354 1927 398 non
1954 332 2207 399 destitit

169 418 241 482 in
299 420 491 483 omni
545 418 668 483 hac
713 420 1118 503 quaestione,
1177 441 1343 504 quae
1390 420 1467 484 de
1512 420 1701 485 bonis
1748 423 1815 485 et
1856 421 2045 485 malis
2092 444 2202 505 ap-

170 507 488 590 pelletur,
523 528 657 571 non
692 528 830 571 esse
865 529 1078 571 rerum
1116 505 1352 572 Stoicis
1391 528 1536 572 cum
1568 507 2018 592 Peripateticis
2055 530 2202 575 con·

167 595 600 679 troversiam,
645 594 758 659 sed
801 596 1156 660 nominum.
1226 593 1393 659 Mihi
1430 599 1649 660 autem
1682 596 1850 660 nihil
1882 599 2019 662 tam
2064 619 2203 680 per-

115 708 144 748 s
170 684 482 766 spicuum
535 683 816 761 videtur,
877 705 1072 768 quam
1125 683 1244 747 has
1301 684 1657 748 sententias
1712 706 1935 749 eorum
1990 684 2201 768 philo·

169 770 540 855 sophorum
593 792 664 836 re
715 771 887 835 inter
939 792 1008 835 sc
1061 771 1272 855 magis
1328 793 1524 855 quam
1587 772 1805 837 verbis
1864 772 2203 856 dissidere3

170 860 500 924 maiorem
553 859 759 924 multo
812 860 985 924 inter
1039 856 1291 924 Stoicos
1348 863 1415 924 et
1465 860 1933 943 Peripateticos
1986 879 2201 926 rerum

171 968 322 1012 esse
384 949 489 1011 aio
544 947 1044 1030 discrepantiam
1089 952 1293 1032 ‘quam
1346 949 1716 1032 verborum,
1770 948 2012 1033 quippe
2056 971 2201 1014 cum

167 1034 603 1119 Peripatetici
639 1036 873 1118 omnia,
919 1057 1084 1120 quae
1118 1035 1250 1119 ipsi
1283 1036 1458 1100 bona
1492 1038 1842 1120 appellant,
1876 1038 2202 1120 pertinere

95 1150 143 1188 ιο
169 1123 402 1188 dicant
447 1122 531 1187 ad
575 1123 764 1187 beate
807 1123 1175 1207 vivendum,
1218 1124 1433 1188 nostri
1474 1146 1609 1189 non
1654 1146 1730 1189 ex
1778 1125 1983 1208 omni,
2033 1126 2204 1210 quod

169 1211 639 1277 aestimatione
667 1210 888 1295 aliqua
924 1211 1191 1296 dignum
1219 1212 1327 1297 sit,
1362 1212 1671 1296 compleri
1698 1213 1905 1279 vitam
1940 1214 2204 1279 beatam

167 1303 433 1383 putent.

2226 1352 2308 1417 13

309 1386 424 1452 An
499 1409 652 1453 vero
733 1388 966 1453 certius
1049 1388 1393 1490 quicquam
1485 1392 1706 1473 potest
1784 1410 1925 1454 esse
2008 1412 2202 1475 quam
2236 1430 2306 1478 42

167 1477 442 1541 illorum
501 1476 786 1560 ratione,
847 1476 960 1560 qui
1020 1475 1311 1541 dolorem
1360 1477 1431 1540 in
1484 1477 1672 1542 malis
1727 1481 2008 1562 ponunt,
2067 1500 2202 1543 non

95 1590 146 1631 15
171 1586 376 1648 posse
423 1565 782 1648 sapientem
827 1564 1091 1628 beatum
1129 1585 1295 1648 esse,
1341 1586 1488 1630 cum
1525 1566 1741 1630 eculeo
1778 1564 2202 1649 torqueatur?

170 1652 431 1718 Eorum
495 1657 742 1734 autem,
813 1653 926 1736 qui
1000 1651 1290 1717 dolorem
1362 1652 1433 1717 in
1493 1653 1683 1717 malis
1746 1675 1878 1718 non
1940 1653 2203 1738 habent,

173 1742 350 1805 ratio
397 1744 571 1805 certe
608 1740 812 1825 cogit,
855 1744 930 1805 ut
964 1740 1035 1804 in
1071 1741 1367 1806 omnibus
1403 1740 1746 1805 tormentis
1788 1745 2202 1805 conservetur

175 1831 378 1894 beata
413 1830 552 1894 vita
597 1827 893 1912 sapienti.
964 1827 1229 1893 Etenim
1267 1828 1326 1893 si
1372 1828 1625 1894 dolores
1671 1828 1928 1893 cosdem
1968 1829 2201 1893 tolera·

177 1916 376 1984 bilius
420 1918 784 2001 patiuntur,
838 1916 949 2001 qui
1004 1916 1334 2000 excipiunt
1378 1938 1490 1982 eos
1541 1939 1661 2000 pro
1706 1916 1948 2001 patria,
2007 1938 2200 2002 quam

97 2032 150 2073 ιο
177 2007 292 2091 qui
343 2007 588 2071 leviore
641 2005 721 2070 de
772 2025 993 2089 causa,
1050 2006 1269 2088 opinio
1324 2004 1512 2090 facit,
1562 2027 1696 2070 non
1746 2009 2006 2089 natura,
2064 2006 2199 2071 vim

177 2094 426 2159 doloris
473 2099 588 2159 aut
633 2094 948 2158 maiorem
995 2096 1119 2157 aut*
1151 2094 1485 2158 minorem.
1573 2092 1675 2158 Ne
1732 2093 1896 2157 illud
1942 2093 2197 2177 quidem
2234 2114 2303 2165 43

177 2186 282 2247 est
333 2185 864 2265 consentaneum,
921 2184 1022 2267 ut,
1075 2181 1161 2265 si,
1216 2202 1365 2245 cum
1416 2181 1546 2245 tria
1602 2202 1839 2265 genera
1883 2183 2200 2246 bonorum

177 2272 342 2354 sint,
397 2292 566 2354 quae
619 2269 945 2335 sententia
997 2272 1098 2333 est
1146 2269 1757 2353 Peripateticorum,
1810 2291 1888 2335 eo
1944 2270 2202 2335 beatior

177 2360 452 2443 quisque
489 2359 595 2441 sit,
629 2379 755 2442 quo
794 2357 883 2423 sit
918 2358 1206 2440 corporis
1243 2362 1359 2422 aut
1391 2358 1671 2423 externis
1706 2357 1895 2422 bonis
1932 2358 2201 2458 plenior,

101 2472 152 2511 25
176 2451 253 2512 ut
311 2446 442 2513 hoc
503 2446 675 2510 idem
733 2445 1218 2529 approbandum
1274 2446 1363 2510 sit
1414 2445 1632 2530 nobiS,
1684 2434 1789 2529 ut,
1843 2445 1955 2529 qui
2011 2445 2200 2529 plura

175 2535 422 2599 habeat
475 2555 578 2617 ea,
631 2555 797 2618 quae
849 2534 920 2597 in
985 2554 1255 2617 corpore
1310 2534 1534 2618 magni
1588 2534 2046 2615 aestimantur,
2111 2531 2199 2595 sit

175 2623 454 2688 beatior.
541 2584 652 2686 I'lli
695 2622 866 2685 enim
912 2621 1197 2705 corporis
1244 2620 1601 2686 commodis
1638 2620 1948 2704 compleri
1991 2582 2198 2683 vitam

176 2711 442 2775 beatam
504 2712 765 2793 putant,
826 2710 1035 2774 nostri
1095 2708 1260 2773 nihil
1324 2709 1557 2773 minus.
1662 2707 1839 2774 Nam
1897 2728 2041 2771 cum
2103 2707 2200 2771 ita

176 2798 466 2883 placeat,
518 2818 600 2862 ne
654 2817 876 2862 eorum
931 2796 1190 2881 quidem
1242 2797 1588 2881 bonorum,
1643 2816 1805 2881 quae
1857 2816 1979 2861 nos
2024 2795 2198 2859 bona

99 2912 152 2953 ⁸0
177 2908 326 2951 vere
373 2885 798 2970 appellemuS,
841 2884 1208 2969 frequentia
1252 2884 1610 2949 beatiorem
1650 2884 1855 2949 vitam
1898 2883 2038 2947 fieri
2084 2887 2200 2948 aut

177 2975 390 3059 magis
463 2974 888 3055 expetendam
961 2976 1077 3036 aut
1157 2972 1365 3055 pluris
1447 2972 1945 3056 aestimandam,
2024 2975 2197 3037 certe

177 3062 393 3127 minus
457 3060 540 3125 ad
595 3061 853 3125 beatam
907 3061 1112 3126 vitam
1164 3060 1451 3143 pertinet
1500 3060 1848 3125 multitudo
1908 3060 2197 3144 corporis

179 3148 684 3215 commodorum.
781 3148 1072 3232 Etenim,
1126 3148 1184 3212 si
1238 3152 1305 3213 et
1360 3169 1586 3231 sapere
1642 3147 2066 3232 expetendum
2112 3147 2201 3212 sit
2234 3167 2306 3219 44

179 3241 249 3301 et
300 3238 543 3321 valere,
606 3236 1020 3301 coniunctum
1087 3238 1430 3320 utrumque
1494 3236 1705 3319 magis
1770 3235 2199 3319 expetendum

101 3325 270 3390 nsit
321 3347 516 3410 quam
573 3346 800 3408 sapere
855 3324 1091 3407 solum,
1153 3345 1363 3409 neque
1424 3326 1671 3407 tamen,
1732 3323 1794 3389 si
1854 3327 2198 3406 utrumque

179 3412 274 3477 sit
314 3413 766 3478 aestimatione
813 3412 1106 3513 dignum,
1158 3411 1367 3493 pluris
1412 3411 1503 3476 sit
1546 3411 1958 3475 coniunctum
2004 3431 2197 3507 quani

181 3520 408 3583 sapere
451 3501 667 3584 ipsum
712 3499 1080 3584 separatim.
1149 3497 1323 3564 Nam
1369 3499 1481 3584 qui
1524 3497 1961 3563 valetudinem
2007 3495 2197 3561 aesti-
