2609 3884
249 694 317 743 87

357 164 484 229 156
681 164 780 219 DE
815 163 1108 220 FINIBUS
1144 162 1507 219 BONORUM
1542 164 1639 218 ΕΤ
1674 162 2042 218 MALORUM

355 350 604 411 311111111,
669 326 842 412 q'uod
903 326 1142 411 fragile
1207 329 1273 390 et
1338 325 1647 390 caducum
1712 324 1842 389 sit?
1965 322 2091 400 Qui
2164 329 2396 390 autem
2516 374 2541 396 0

355 416 604 481 diffidet
657 415 1081 502 perpetuitati
1132 415 1452 479 bonorum
1500 435 1789 495 suorum,
1841 412 2075 477 timeat
2118 434 2394 478 necesse

357 508 482 587 est,
551 524 637 568 ne
709 502 1074 605 aliquando·
1131 502 1386 567 amissis
1458 501 1589 566 illis
1663 502 1751 564 sit
1813 500 2027 565 miser.
2135 500 2395 567 Beatus

357 596 574 657 autem
597 612 752 657 6336
787 592 859 657 111
902 591 1330 655 maximarum
1374 612 1592 655 rerum
1635 590 1871 654 timore
1906 610 2099 655 nemo
2144 592 2397 692 potest.

355 679 567 745 Nemo
641 679 846 764 igitur
917 700 1057 743 esse
1124 678 1350 743 beatus
1425 680 1658 761 potest.
1782 675 2009 762 Neque
2074 678 2253 741 enim
2318 678 2393 742 in
2422 704 2450 743 5

359 770 580 852 aliqua
623 771 838 851 parte,
891 765 1002 831 sed
1053 766 1128 831 in
1168 766 1603 849 perpetuitate
1646 765 1957 849 temporis
2003 766 2141 829 vita
2186 766 2395 831 beata

359 856 488 920 dici
545 856 734 939 solet,
786 876 904 922 1166
959 854 1330 938 appellatur
1382 855 1645 919 omnino
1700 854 1863 936 vita,
1906 854 2036 918 nisi
2086 853 2396 919 confecta

359 948 553 1029 atque
617 944 944 1023 absoluta,
1017 963 1138 1007 nec
1201 945 1422 1026 potest
1500 942 1843 1028 quisquam
1918 941 2079 1007 alias
2151 943 2395 1007 beatus

359 1054 524 1112 6336,
598 1032 763 1096 alias
835 1032 1057 1114 miser3
1144 1030 1256 1114 qui
1329 1030 1502 1094 enim
1576 1030 1976 1095 existimabit
2046 1051 2239 1113 posse
2322 1053 2399 1095 36

273 1161 284 1171 -
358 1121 668 1185 miserum
723 1141 889 1204 esse,
942 1120 1174 1183 beatus
1226 1138 1359 1183 non
1413 1118 1553 1182 erit.
1648 1117 1821 1183 Nam
1875 1139 2021 1182 cum
2073 1123 2398 1219 ‘suscepta
2424 1145 2477 1185 ιο

258 1840 324 1889 88

361 1208 560 1273 semel
614 1212 716 1272 est
767 1209 964 1272 beata
1016 1207 1178 1289 vita,
1230 1208 1369 1269 tam
1422 1210 1760 1289 permanet
1813 1227 2009 1291 quam
2066 1207 2211 1289 ipsa
2267 1208 2398 1271 illa

361 1296 647 1361 effectrix
700 1296 931 1361 beatae
984 1295 1161 1361 vitae
1217 1294 1541 1377 sapientia
1590 1315 1801 1377 neque
1858 1298 2192 1377 exspectat
2234 1296 2397 1359 ulti-

360 1406 538 1449 mum
593 1389 848 1467 tempus
907 1383 1168 1464 aetati3‚
1221 1382 1393 1466 quod
1439 1380 1683 1448 Croeso
1742 1381 1969 1446 scribit
2011 1380 2395 1447 Herodotus

358 1476 778 1556 praeceptum
839 1494 882 1537 a
945 1469 1198 1536 Solone.
1308 1470 1401 1535 At
1462 1471 1665 1553 enim,
1730 1492 1921 1555 quem
1982 1470 2064 1534 ad
2122 1471 2396 1534 modum

357 1565 500 1625 tute
548 1560 832 1642 dicebas,
876 1563 1076 1644 negat
1108 1556 1433 1642 Epicurus
1471 1584 1553 1627 ne
1594 1559 2087 1623 diuturnitatem
2125 1558 2395 1642 quidem
2423 1583 2473 1623 ιε

360 1650 673 1750 temporis
757 1648 838 1712 ad
921 1649 1110 1713 beate
1182 1646 1529 1711 vivendum
1602 1646 1846 1731 aliquid
1928 1646 2184 1730 afferre,
2264 1667 2394 1711 1166

363 1738 680 1802 minorem
741 1737 1142 1819 voluptatem
1217 1735 1469 1818 percipi
1529 1734 1600 1799 in
1663 1734 1983 1799 brevitate
2054 1734 2393 1835 temporiS,

364 1846 558 1909 quam
623 1824 681 1888 si
742 1822 860 1887 illa
923 1823 1012 1887 sit
1075 1823 1489 1906 sempiterna.
1586 1822 1764 1887 Haec
1819 1822 2117 1887 dicuntur
2166 1824 2392 1886 incon-

363 1912 782 1977 stantissime.
855 1908 1018 1975 Cum
1064 1910 1234 1974 enim
1281 1932 1604 1975 summum
1648 1911 1893 1975 bonum
1936 1910 2005 1974 in
2050 1910 2392 1993 voluptate

363 2004 592 2100 ponat,
634 2002 835 2084 negat
878 1998 1165 2062 infinito
1180 2001 1473 2081 tempore
1518 1999 1749 2063 aetatis
1798 2000 2200 2081 voluptatem
2243 1998 2391 2063 fieri
2417 2026 2467 2063 ω

365 2087 678 2153 maiorem
712 2109 908 2171 quam
943 2087 1131 2151 finito
1169 2088 1364 2169 atque
1398 2087 1671 2151 modico.
1748 2086 1875 2163 Qui
1913 2086 2160 2151 bonum
2196 2108 2393 2151 omne

363 2176 434 2240 in
477 2175 717 2239 virtute
761 2175 974 2258 ponit,
1019 2174 1076 2239 is
1121 2177 1343 2258 potest
1378 2173 1587 2238 dicere
1623 2175 1847 2262 perfici
1882 2175 2144 2239 beatam
2180 2176 2391 2239 vitam

363 2262 759 2347 perfectione
805 2263 1093 2347 virtutis;
1152 2266 1353 2347 negat
1408 2263 1582 2327 enim
1642 2285 1893 2327 summo
1940 2263 2113 2328 bono
2160 2264 2391 2327 afferre

363 2353 833 2416 incrementum
877 2351 1065 2415 diem.
1153 2349 1280 2427 Qui
1327 2353 1543 2415 autem
1587 2352 1923 2434 voluptate
1967 2350 2175 2416 vitam
2220 2352 2393 2416 effici

363 2442 630 2507 beatam
672 2440 956 2524 putabit,
1009 2438 1123 2525 qui
1169 2439 1294 2503 sibi
1338 2438 1395 2503 is
1444 2439 1808 2522 conveniet,
1860 2439 1939 2503 si.
1961 2439 2233 2523 negabit
2278 2462 2389 2505 vo-
2416 2464 2464 2505 2⁵

363 2530 681 2613 luptatem
738 2549 1018 2593 crescere
1071 2526 1592 2611 longinquitate?
1688 2489 1901 2613 Igitur
1954 2548 2037 2591 116
2098 2527 2390 2593 dolorem

239 2681 241 2683 ,
365 2618 642 2702 quidem.
741 2616 849 2681 An
915 2616 1102 2681 dolor
1163 2615 1585 2699 longissimus
1640 2616 1911 2701 quisque
1969 2616 2391 2699 miserrimus,

261 3256 326 3303 89

364 2705 768 2789 voluptatem
813 2726 950 2769 non
995 2703 1451 2786 optabiliorem
1496 2703 1887 2769 diuturnitas
1931 2702 2139 2768 facit?
2221 2703 2391 2779 Quid

366 2796 467 2857 est
528 2794 756 2877 igitur,
819 2814 932 2858 cur
993 2793 1090 2856 ita
1153 2813 1407 2874 semper
1468 2790 1659 2856 deum
1722 2792 2010 2875 appellet
2066 2790 2389 2875 Epicurus

364 2882 630 2946 beatum
675 2884 744 2945 et
779 2877 1155 2945 aeternum?
1226 2878 1511 2962 Dempta
1546 2880 1719 2944 enim
1758 2880 2144 2945 aeternitate
2180 2880 2386 2945 nihilo
2413 2906 2460 2945 3⁰

364 2969 618 3033 beatior
654 2967 948 3051 Iuppiter
997 2988 1189 3049 quam
1224 2966 1573 3051 Epicurus;
1610 2972 1880 3051 uterque
1926 2968 2098 3031 enim
2136 2989 2387 3032 summo

365 3058 538 3122 bono
593 3056 858 3139 fruitur,
912 3055 979 3119 id
1035 3058 1137 3119 est
1186 3055 1544 3138 voluptate.
1640 3054 1757 3120 ‘At
1810 3056 1983 3119 enim
2036 3055 2145 3120 hic
2190 3058 2388 3120 etiam

368 3143 629 3209 dolore?
702 3143 796 3208 At
842 3164 988 3207 eum
1033 3141 1225 3206 nihili
1269 3143 1445 3208 facit.
1531 3143 1646 3208 Ait
1682 3144 1856 3208 enim
1902 3165 1997 3225 36,
2044 3144 2103 3207 31
2146 3150 2387 3228 uratur,
2476 3170 2483 3178 ·

367 3232 598 3308 ‘Quam
650 3232 776 3297 hoc
831 3230 1085 3297 suave!'
1141 3230 1478 3296 dicturum.
1570 3230 1711 3307 Qua
1765 3232 1969 3317 igitur
2010 3253 2081 3295 rc
2137 3233 2223 3297 ab
2268 3232 2384 3297 deo

365 3322 670 3403 vincitur,
739 3321 796 3385 31
851 3320 1232 3385 aeternitate
1285 3341 1418 3384 non
1471 3317 1794 3385 vincitur?
1860 3320 1979 3403 ‚In
2045 3342 2173 3404 qua
2238 3318 2383 3404 quid
2408 3345 2455 3385 35

367 3412 468 3471 est
525 3408 994 3491 boni,praeter
1051 3427 1370 3471 summam
1425 3406 1855 3490 voluptatem,
1900 3412 1967 3471 et
2018 3428 2163 3471 eam
2222 3430 2383 3472 sem-

366 3493 733 3579 piternam?
807 3493 978 3570 Quid
1025 3512 1180 3575 ergo
1218 3493 1454 3555 attinet
1497 3494 1785 3577 gloriose
1804 3496 2002 3579 -loqui
2010 3544 2029 3577 ‚
2072 3495 2205 3559 nisi
2242 3516 2382 3559 6011·
