2609 3884
24 136 30 387 f

669 211 803 266 ΜΒ.
841 211 938 265 111.
993 210 1144 267 CAP.
1183 217 1278 281 21,
1317 217 1401 267 22.
1458 217 1488 277 ς
1528 217 1771 267 72—76.
2105 209 2232 273 199

209 374 482 440 nomina
532 373 891 457 possideat,
945 394 1107 457 quae
1160 372 1418 437 irrideri
1474 372 1555 437 ab
1620 372 1937 455 imperitis
2002 372 2233 437 solent.

210 459 480 527 Rectius
527 462 702 526 enim
757 460 1192 545 appellabitur
1243 482 1358 525 rex
1410 482 1606 546 quam
1651 459 2065 544 TarquiniuS,
2121 462 2233 546 qui

209 572 330 615 nec
377 571 448 615 se
493 571 613 615 nec
651 570 801 614 suos
837 569 1061 634 regere
1097 548 1339 633 potuit,
1384 549 1621 613 rectius
1659 549 1976 633 magister
2008 548 2235 632 populi

215 634 303 723 (is
349 637 524 702 enim
579 640 680 702 est
735 632 1044 723 dictator)
1099 659 1293 721 quam
1349 634 1554 715 Sulla,
1619 636 1730 721 qui
1782 636 1981 700 trium
2036 636 2233 718 pesti-

161 754 188 795 5
213 726 500 791 ferorum
580 724 914 809 vitiorum,
993 725 1313 808 luxuriae,
1395 725 1733 807 avaritiae,
1815 722 2235 807 crudelitatis,

212 813 528 899 magister
580 813 735 897 fuit,
787 814 1026 878 rectius
1083 812 1261 877 dives
1319 834 1512 897 quam
1567 810 1866 895 Crassus,
1930 812 2040 897 qui
2102 812 2235 876 nisi

214 903 529 987 eguisset,
573 922 928 984 numquam
963 899 1347 983 Euphraten
1381 900 1563 965 nulla
1599 900 1752 964 belli
1788 920 1981 965 causa
2022 902 2235 963 trans-

211 990 308 1053 ire
362 990 708 1073 voluisset3
763 993 938 1054 recte
995 989 1130 1053 eius
1187 988 1407 1053 omnia
1452 988 1766 1071 dicentur,
1813 988 1924 1072 qui
1970 989 2093 1053 scit
2136 987 2236 1052 uti

213 1078 396 1142 solus
435 1078 754 1156 omnibus,
790 1080 962 1142 recte
1001 1076 1198 1141 etiam
1233 1076 1502 1160 pulcher
1539 1076 1970 1161 appellabitur
2005 1072 2235 1162 (animi

138 1194 188 1232 ιο
215 1166 392 1230 enim
436 1164 817 1230 liniamenta
854 1168 1006 1229 sunt
1039 1164 1411 1248 pulchriora
1448 1187 1643 1247 quam
1682 1161 2018 1249 corporis),
2061 1167 2235 1229 recte

213 1253 396 1319 solus
468 1253 634 1318 liber
702 1274 821 1317 nec
884 1252 1313 1319 dominationi
1374 1252 1749 1336 cuiusquam
1818 1273 2053 1335 parens
2115 1273 2234 1316 nec

213 1341 565 1406 oboediens
640 1341 1013 1425 cupiditati,
1088 1344 1260 1405 recte
1333 1340 1609 1405 invictus
1629 1390 1647 1423 ,
1719 1341 1900 1405 cuius
1975 1339 2235 1403 etiamsi

213 1451 450 1513 corpus
496 1429 1004 1513 constringatur,
1050 1428 1265 1493 animo
1311 1432 1533 1492 tamen
1566 1428 1823 1493 vincula
1864 1427 2021 1492 inici
2053 1427 2236 1491 nulla

210 1518 500 1601 possint,
552 1538 674 1582 nec
717 1520 1047 1601 exspectet
1103 1517 1309 1580 ullum
1353 1519 1609 1600 tempus
1658 1516 1917 1598 aetatis,
1969 1517 2045 1579 ut
2094 1517 2236 1578 tum

140 1632 189 1672 15
215 1606 492 1689 denique
526 1604 861 1688 iudicetur,
896 1604 1210 1670 beatusne
1245 1604 1459 1687 fuerit,
1496 1625 1642 1668 cum
1670 1606 2029 1667 extremum
2060 1601 2236 1666 vitae

217 1694 391 1759 diem
426 1696 636 1758 morte
674 1692 1036 1769 confecerit,
1073 1692 1246 1776 quod
1279 1692 1393 1756 ille
1429 1713 1594 1755 unus
1632 1712 1667 1755 e
1704 1693 1952 1773 septem
1986 1689 2237 1773 sapien-

215 1781 394 1847 tibus
438 1801 569 1845 non
617 1780 942 1864 sapienter
987 1778 1299 1845 Croesum
1346 1780 1617 1846 monuit.
1686 1778 1860 1843 Nam
1906 1778 1963 1841 si
2006 1777 2236 1841 beatus

215 1890 529 1953 umquam
563 1868 822 1952 fuisset,
867 1868 1127 1933 beatam
1163 1868 1369 1933 vitam
1404 1889 1609 1951 usque
1648 1866 1731 1931 ad
1765 1866 1948 1930 illum
1986 1886 2027 1929 a
2062 1862 2237 1948 Cyro

217 1960 620 2021 exstructum
671 1977 904 2041 rogum
969 1956 1369 2039 pertulisset.
1471 1954 1657 2030 Quod
1712 1954 1769 2019 si
1824 1954 1921 2017 ita
1976 1956 2102 2035 est,
2164 1954 2240 2015 ut

143 2071 194 2111 20
217 2066 426 2129 neque
483 2044 822 2128 quisquam
874 2044 1002 2107 nisi
1055 2045 1265 2109 bonus
1322 2044 1423 2108 vir
1478 2047 1544 2107 et
1590 2062 1810 2106 omnes
1862 2041 2018 2106 boni
2062 2036 2241 2104 beati

221 2132 380 2217 sint,
434 2132 588 2218 quid
639 2131 1058 2216 philosophia
1111 2132 1325 2217 magis
1381 2129 1721 2196 colendum
1766 2133 1881 2195 aut
1939 2128 2094 2215 quid
2139 2130 2240 2193 est

217 2222 460 2287 virtute
506 2220 784 2285 divinius
800 2220 834 2285 P

715 2521 813 2593 M.
871 2519 1195 2591 TULLII
1249 2519 1745 2593 CICERONIS

218 2686 368 2769 DE
439 2682 866 2771 FINIBUS
939 2628 1455 2767 BONORUM
1523 2682 1659 2765 ΕΤ
1720 2677 2241 2765 MALoRUM

1009 2828 1108 2883 AD
1145 2828 1457 2883 BRUTUM

867 2952 1134 3020 LIBER
1180 2907 1615 3031 QUARTUS

1127 3114 1339 3123 ——-—

879 3222 1588 3283 ARGUMENTUM.

367 3338 536 3395 Initio
597 3338 731 3394 libri
795 3337 987 3393 Cicero
1005 3380 1018 3406 ,
1081 3339 1146 3391 ut
1209 3337 1472 3392 ostendat
1521 3336 1737 3391 nullam
1792 3352 2017 3391 causam
2068 3334 2241 3389 fuisse

225 3409 460 3478 Zenoni,
499 3426 596 3465 cur
631 3425 666 3463 a
698 3408 982 3464 veteribus
1017 3406 1371 3463 Academicis
1408 3408 1468 3462 et
1500 3406 1891 3477 Peripateticis
1926 3404 2242 3460 desciscens

224 3496 432 3538 novam
478 3479 834 3549 disciplinam
879 3478 1170 3546 conderet,
1226 3478 1482 3547 exponit,
1543 3493 1653 3545 quo
1699 3476 1869 3531 modo
1924 3476 2011 3529 illi
2062 3472 2242 3543 philo-

227 3549 484 3621 sophiam
513 3550 878 3605 constitutam
903 3548 1229 3620 habuerint,
1262 3565 1293 3603 e
1324 3547 1480 3603 cuius
1505 3548 1687 3601 tribus
1713 3545 1967 3618 partibus
1996 3543 2242 3597 ethicam

2273 1348 2345 1397 ⁷6
