2609 3884
312 129 445 194 450
705 126 1301 183 TUSCULANARUM
1335 125 1938 184 DISPUTATIONUM

313 294 452 356 tate
496 289 670 355 vitae
715 289 1119 354 conlocatam
1160 291 1379 372 putat,
1431 309 1580 353 cum
1621 309 1838 353 rerum
1883 309 2113 354 causas
2163 291 2328 356 alias

314 399 393 442 ex
446 377 595 442 aliis
651 379 843 459 aptas
898 379 965 441 et
1014 376 1400 441 necessitate
1451 396 1650 440 nexas
1694 375 1898 461 videt,
1950 376 2184 461 quibus
2241 379 2328 442 ab

314 467 575 530 aeterno
626 467 919 548 tempore
971 463 1322 530 fluentibus
1373 462 1443 528 in
1497 466 1832 528 aeternum
1879 464 2051 529 ratio
2103 467 2329 530 tamen

210 566 273 615 ἰι
314 573 622 637 mensque
648 552 1034 618 moderatur.
1094 550 1275 616 Haec
1309 550 1422 615 ille
1458 551 1718 615 intuens
1745 553 1939 636 atque
1971 552 2326 636 suspiciens
2557 577 2559 676 ⁴

312 642 416 706 vel
452 640 673 725 potius
709 639 919 705 omnis
962 639 1171 723 partis
1207 659 1480 724 orasque
1525 638 2042 722 circumspiciens
2081 643 2330 725 quanta
2354 663 2382 704 5

310 749 533 794 rursus
579 727 778 794 animi
818 725 1292 812 tranquillitate
1335 726 1624 791 humana
1658 729 1726 791 et
1767 727 2074 792 citeriora
2117 729 2324 794 consi-

314 816 520 881 derat!
609 815 783 880 Hinc
826 815 943 879 illa
984 814 1271 899 cognitio
1317 813 1579 878 virtutis
1623 813 1872 898 existit,
1916 814 2329 881 efflorescunt

314 924 552 990 genera
594 907 940 987 partesque
983 901 1324 986 virtutum,
1373 901 1723 985 invenitur,
1776 901 1933 986 quid
1985 902 2100 988 sit,
2153 903 2329 988 quod

311 996 549 1057 natura
586 992 837 1074 spectet
872 992 1226 1054 extremum
1268 989 1340 1054 in
1373 987 1590 1071 bonis,
1633 989 1787 1073 quid
1821 989 1892 1054 in
1925 989 2117 1055 malis
2152 991 2326 1056 ultu-

314 1101 518 1157 mum,
555 1099 681 1161 quo
716 1076 1052 1142 referenda
1088 1077 1221 1140 sint
1256 1076 1490 1160 officia,
1531 1097 1695 1161 quae
1730 1076 2056 1161 degendae
2093 1079 2324 1143 aetatis
2352 1100 2404 1139 ιο

313 1167 480 1232 ratio
536 1163 890 1249 deligenda.
988 1163 1237 1241 Quibus
1300 1161 1368 1229 et
1429 1164 1671 1228 talibus
1729 1165 1925 1230 rebus
1988 1166 2325 1251 exquisitis

313 1253 440 1318 hoc
484 1253 588 1318 vel
631 1251 910 1316 maxime
956 1251 1258 1336 efficitur,
1312 1251 1484 1336 quod
1539 1251 1664 1316 hac
1707 1251 2166 1337 disputatione·
2190 1256 2324 1338 agi·

210 1443 275 1492 ⁷2
313 1362 495 1494 {2334
548 1340 887 1513 ⁰303?ssss
928 1339 1801 1512 fflffiieassassiffidtffl?
1820 1340 2048 1512 pta-{1⁰
2052 1362 2326 1513 ἵψῖἓέ·

497 1477 514 1494 ·
1132 1478 1151 1512 7

312 1517 446 1582 tiae
489 1519 714 1583 manat
758 1518 825 1579 et
866 1514 1183 1601 funditur,
1226 1537 1390 1600 quae
1434 1537 1574 1580 rem
1617 1515 1867 1600 definit,
1917 1536 2155 1600 genera
2197 1516 2323 1582 dis·
2350 1537 2401 1578 ιε

313 1604 537 1688 pertit,
582 1603 915 1688 sequentia
958 1603 1279 1688 adiungit,
1327 1602 1616 1686 perfecta
1659 1603 2010 1689 concludit,
2062 1625 2215 1669 vera
2259 1609 2325 1671 et

309 1692 482 1757 falsa
534 1689 869 1774 diiudicat,
920 1690 1275 1756 disserendi
1331 1691 1500 1756 ratio
1558 1694 1625 1756 et
1677 1691 1964 1758 scientia.
2050 1690 2154 1759 Ex
2197 1714 2326 1777 qua

314 1794 459 1845 cum
504 1799 759 1843 summa
808 1778 1062 1844 utilitas
1110 1778 1332 1843 existit
1376 1778 1458 1843 ad
1499 1799 1604 1843 res
1655 1778 2130 1864 ponderandas,
2181 1783 2324 1844 tum

313 1887 612 1931 maxume
662 1867 945 1952 ingenua
997 1865 1340 1931 delectatio
1394 1870 1460 1931 et
1513 1865 1711 1950 digna
1763 1866 2102 1950 sapientia.
2200 1865 2323 1932 Sed

312 1954 473 2019 haec
519 1953 656 2020 otii.
746 1953 1065 2019 Transeat
1106 1953 1278 2019 idem
1322 1952 1449 2018 iste
1495 1953 1754 2036 sapiens
1799 1954 1881 2018 ad
1924 1974 2062 2019 rem
2110 1954 2322 2039 publi·
2348 1978 2402 2018 20

314 2063 459 2107 cam
500 2041 827 2107 tuendam.
898 2041 1067 2118 Quid
1112 2062 1188 2107 eo
1233 2041 1444 2125 possit
1489 2062 1629 2105 esse
1672 2042 2132 2126 praestantiu8‚
2176 2063 2324 2108 cum

318 2128 689 2210 [contineri]
734 2128 1084 2211 prudentia
1116 2129 1470 2194 utilitatem
1506 2129 1745 2194 civium
1780 2133 2024 2213 cernat,
2070 2129 2324 2196 iustitia

312 2215 479 2280 nihil
533 2215 607 2279 in
658 2236 842 2279 suam
895 2215 1155 2280 domum
1215 2217 1366 2280 inde
1437 2215 1707 2301 derivet,
1773 2217 2039 2302 reliquis
2098 2220 2322 2282 utatur

312 2306 417 2368 tot
457 2306 597 2368 tam
641 2302 960 2386 variisque
1004 2302 1397 2368 virtutibus?
1493 2302 1795 2391 Adiunge
1837 2304 2122 2370 fructum
2167 2305 2320 2370 ami-

314 2391 615 2456 citiarum
623 2413 665 2474 ‚·
702 2390 771 2455 in
833 2411 960 2474 quo
1024 2390 1228 2456 doctis
1280 2392 1566 2475 positum
1619 2395 1720 2458 est
1775 2413 1922 2457 cum
1985 2393 2322 2459 consilium
2346 2415 2398 2458 2⁵

313 2480 526 2545 omnis
586 2479 759 2543 vitae
823 2478 1230 2544 consentiens
1304 2483 1370 2544 et
1429 2500 1636 2563 paene
1707 2480 2114 2566 conspirans,
2184 2483 2322 2545 tum

314 2589 567 2633 summa
599 2565 968 2632 iucunditas
1004 2587 1041 2631 e
1077 2566 1406 2632 cotidiano
1441 2567 1621 2632 cultu
1659 2577 1852 2651 atque
1884 2568 2080 2633 victu.
2155 2567 2322 2645 Quid

311 2654 473 2720 haec
524 2654 791 2721 tandem
840 2655 980 2720 vita
1032 2653 1380 2738 desiderat,
1432 2675 1558 2738 quo
1606 2655 1694 2719 sit
1736 2653 2032 2721 beatior?
2087 2655 2190 2722 cui
2232 2676 2323 2720 re-

309 2740 512 2806 fertae
546 2745 651 2806 tot
683 2742 1011 2827 tantisque
1046 2741 1297 2826 gaudiis
1333 2741 1623 2807 Fortuna
1659 2742 1806 2826 ipsa
1841 2742 2026 2808 cedat
2060 2763 2318 2812 necesse

314 2831 432 2892 est.
504 2826 765 2904 Quodsi
809 2829 1089 2915 gaudere
1133 2829 1378 2894 talibus
1419 2829 1612 2895 bonis
1658 2830 1884 2914 animi,
1938 2830 2007 2895 id
2057 2834 2157 2896 est
2197 2831 2319 2896 vir-
2342 2857 2395 2896 ao

264 2931 281 3003 ζ
312 2915 589 2998 tutibus,
642 2916 907 2981 beatum
964 2920 1063 2982 est
1115 2937 1461 3001 omnesque
1523 2917 1846 3001 sapientes
1907 2917 2013 2982 his
2069 2917 2319 3004 gaudiis

268 3032 280 3047 ι
356 3001 745 3086 erfruuntur‚
783 3004 991 3069 omnis
1019 3026 1131 3070 eos
1167 3005 1394 3070 beatos
1421 3025 1560 3069 esse
1589 3004 1882 3070 confiteri
1911 3026 2169 3071 necesse
2209 3008 2342 3074 est..

354 3083 525 3155 ‘'21.
578 3088 880 3154 Etiamne
925 3091 995 3156 in
1039 3093 1328 3159 cruciatu
1374 3094 1566 3177 atque
1610 3092 1996 3157 tormentis?

250 3146 283 3194 3
442 3183 534 3243 M.
579 3175 687 3242 An
729 3180 803 3242 tu
838 3199 943 3242 me
986 3178 1058 3243 in
1090 3179 1268 3244 viola
1310 3180 1587 3263 putabas
1623 3183 1736 3244 aut
1770 3180 1841 3245 in
1876 3201 2026 3245 rosa
2072 3178 2322 3245 dicere?

311 3265 419 3329 An
462 3264 773 3349 Epicuro,
826 3265 937 3349 qui
990 3269 1245 3331 tantum
1288 3267 1483 3333 modo
1533 3267 1743 3332 induit
1792 3288 2144 3352 personam
2185 3266 2321 3351 phi-
2346 3292 2397 3334 ³⁵

310 3351 568 3435 losophi
613 3355 680 3416 et
723 3353 852 3417 sibi
894 3353 1033 3437 ipse
1077 3353 1203 3416 hoc
1241 3373 1477 3419 nomen
1520 3355 1877 3441 inscripsit,
1922 3354 2132 3421 dicere
2177 3355 2324 3420 lice-

310 3437 438 3523 bit,
492 3438 663 3522 quod
708 3439 995 3522 quidem,
1047 3442 1121 3503 ut
1172 3437 1374 3504 habet
1417 3461 1486 3505 se
1536 3463 1669 3524 res,
1721 3463 1824 3509 me
1877 3446 2099 3508 tamen
2142 3443 2324 3528 plau·

208 3069 248 3194 Ξ

1270 3673 1314 3716 ς,

2507 3774 2560 3838 ll
