2609 3884
13 0 20 98 ι

13 213 18 336 r

665 150 800 204 LIB.
838 150 880 205 I.
937 148 1092 205 CAP.
1130 154 1376 205 33—35.
1434 155 1462 214 5
1500 153 1747 204 81—86.
2084 149 2209 213 311

190 334 226 376 e
289 334 478 377 muro
544 332 614 376 se
675 310 746 376 in
807 332 982 375 mare
1049 311 1362 375 abiecisse
1426 311 1595 374 lecto
1660 309 1954 374 Platonis
2026 310 2215 376 libro.

189 401 352 466 Eius
402 402 644 484 autem,
702 421 894 483 quem
940 397 1101 482 dixi,
1153 397 1477 483 Hegesiae
1528 397 1697 462 liber
1750 400 1851 462 est
1902 392 2216 483 Ἀποκαρ-

188 489 436 572 τερῶν,
484 510 610 572 quo
658 509 698 552 a
741 487 876 552 vita
929 487 1190 572 quidam
1234 508 1352 570 per
1405 485 1687 551 inediam
1738 484 2071 550 discedens
2116 509 2215 551 re-

191 579 464 642 vocatur
510 576 592 641 ab
641 575 892 658 amicis,
939 575 1170 660 quibus
1216 574 1609 658 respondens
1664 574 1837 639 vitae
1894 573 2215 638 humanae

14 727 16 754 Ι
140 690 166 730 5
193 667 533 730 enumerat
566 663 989 730 incommoda.
1060 662 1329 728 Possem
1363 662 1535 728 idem
1569 661 1799 746 facere,
1842 662 1967 726 etsi
2002 662 2215 728 minus

193 775 392 836 quam
447 753 587 836 ille,
641 752 750 836 qui
795 751 1059 816 omnino
1105 751 1319 816 vivere
1367 749 1664 834 expedire
1706 750 1953 814 nemini
2008 754 2217 834 putat.

189 841 390 906 Mitto
438 841 626 926 alios3
677 839 954 904 etiamne
998 839 1186 905 nobis
1235 839 1563 922 expeditP.-
1582 839 1693 923 qui
1735 843 1801 904 et
1844 839 2217 904 domesticis

193 935 260 994 et
313 929 687 994 forensibus
743 928 1002 993 solaciis
1058 927 1583 1011 ornamentisque
1637 927 1878 1011 privati
1936 931 2109 992 certe
2160 928 2218 993 si

191 1021 344 1083 ante
399 1017 886 1101 occidissemus,
948 1038 1124 1082 mors
1191 1037 1311 1081 nos
1369 1038 1409 1080 a
1462 1015 1676 1095 malis,
1740 1037 1873 1080 non
1927 1037 1967 1080 a
2026 1016 2217 1081 bonis

113 1130 165 1170 ιο
191 1105 639 1172 abstraxisset.
2238 1143 2276 1207 3
2281 1143 2321 1208 5

329 1192 432 1259 Sit
484 1193 685 1278 igitur
739 1191 1000 1276 aliquis,
1055 1193 1168 1276 qui
1220 1192 1388 1256 nihil
1434 1192 1594 1257 mali
1637 1191 1906 1277 habeat,
1962 1193 2217 1257 nullum
2255 1222 2323 1271 85

193 1305 232 1347 a
286 1282 553 1348 fortuna
607 1282 839 1346 volnus
901 1281 1239 1364 acceperit.
1341 1279 1641 1345 Metellus
1705 1280 1818 1344 ille
1880 1281 2217 1347 honoratis

193 1373 505 1454 quattuor
566 1369 745 1453 filiis,
811 1371 881 1432 at
952 1368 1425 1453 quinquaginta
1486 1367 1813 1452 Priamus,
1831 1445 1849 1457 ⁴
1886 1391 1920 1433 e
1985 1369 2217 1453 quibus

194 1458 648 1542 septemdecim
708 1458 896 1522 iusta·
936 1478 1134 1522 uxore
1191 1458 1385 1522 natis.
1484 1455 1564 1520 In
1616 1459 1887 1540 utroque
1952 1457 2219 1521 eandem

114 1569 165 1610 ιτ,
191 1546 428 1612 habuit
498 1545 762 1612 fortuna
832 1547 1250 1630 potestatem,
1324 1543 1437 1609 sed
1507 1566 1626 1609 usa
1696 1544 1766 1608 in
1830 1545 2033 1610 altero
2102 1548 2219 1609 est.

191 1634 533 1699 Metellum
592 1634 764 1698 enim
821 1632 1012 1697 multi
1074 1634 1198 1698 filii
1259 1632 1462 1717 filiae,
1526 1634 1797 1716 nepotes
1859 1635 2085 1714 neptes
2151 1632 2219 1696 in

192 1744 428 1809 rogum
471 1723 914 1806 inposuerunt,
961 1721 1294 1786 Priamum
1330 1723 1517 1785 tanta
1550 1719 1861 1804 progenie
1899 1720 2217 1803 orbatum,

195 1834 343 1876 cum
406 1811 478 1875 in
541 1833 721 1875 aram
786 1809 1208 1894 confugisset,
1261 1809 1523 1874 hostilis
1587 1830 1814 1872 manus
1873 1807 2221 1873 interemit.

193 1899 321 1964 Hic
368 1898 426 1965 si
471 1899 637 1964 vivis
681 1898 835 1962 filiis
880 1897 1192 1963 incolumi
1235 1917 1435 1982 regno
1485 1897 1827 1961 occidisset

14 2011 19 2086 Γ
116 2047 169 2086 zo
335 2071 352 2088 .
398 2072 413 2086 .
461 2023 768 2086 astante
814 2042 954 2104 ope
1000 2020 1411 2085 barbarica

327 2108 586 2175 Tectis
635 2109 996 2193 caelatiS,
1041 2108 1459 2192 laqueatis,

193 2255 416 2318 utrum
459 2251 726 2316 tandem
773 2272 811 2314 a
854 2249 1043 2316 bonis
1092 2271 1175 2314 an
1213 2271 1252 2313 a
1297 2249 1489 2313 malis
1536 2247 1982 2314 discessisset?
2054 2249 2221 2314 Tum

194 2339 490 2425 profecto
545 2339 870 2404 videretur
925 2361 963 2402 a
1016 2338 1224 2403 bonis.
1324 2336 1418 2402 At
1461 2340 1631 2401 certe
1688 2337 1748 2401 ei
1802 2337 2033 2402 melius
2080 2359 2209 2402 eve-

193 2430 431 2506 nisset,
475 2448 593 2492 nec
637 2430 774 2492 tam
819 2426 1126 2490 flebiliter
1169 2425 1288 2489 illa
1334 2428 1738 2490 canerentur:

117 2576 166 2616 25
329 2551 544 2616 Haec
590 2550 843 2616 6mnia
887 2549 1047 2615 vidi
1094 2549 1598 2631 inflamman,

287 2706 292 2712 ,
330 2640 639 2704 Priamo
687 2637 763 2703 vi
808 2638 1045 2703 vitam
1091 2635 1398 2720 evitari,

332 2727 540 2792 Iovis
589 2728 794 2790 aram
843 2726 1220 2810 sanguine
1267 2723 1590 2808 turpari.

198 2868 404 2945 Quasi
456 2889 608 2932 vero
665 2868 793 2931 ista
845 2868 910 2932 vi
964 2867 1311 2952 quicquam
1355 2868 1497 2930 tum
1553 2862 1841 2948 potuerit
1886 2862 1945 2928 ei
1990 2863 2222 2928 melius

200 2957 520 3022 accidere!
601 2955 848 3032 Quodsi
893 2959 1041 3020 ante
1085 2955 1448 3037 occidisset,
1492 2954 1695 3018 talem
1742 2954 2043 3017 eventum
2090 2974 2228 3017 om-

121 3071 172 3111 80
195 3046 354 3110 nino
421 3042 769 3128 amisisset3
842 3044 967 3109 hoc
1031 3046 1248 3108 autem
1310 3047 1603 3126 tempore
1668 3063 1929 3107 sensum
2001 3040 2224 3105 amisit

198 3134 539 3198 malorum.
637 3131 974 3216 Pompei0,
1034 3134 1256 3197 nostro
1320 3129 1665 3213 familiari,
1730 3151 1876 3194 cum
1939 3129 2225 3214 graviter
2260 3149 2327 3198 86

200 3223 574 3306 aegrotaret
644 3219 953 3304 Neapoli,
1034 3219 1264 3285 melius
1343 3222 1443 3284 est
1526 3219 1789 3284 factum.
1915 3215 2225 3282 Coronati

197 3306 622 3393 Neapolitani
666 3308 955 3392 fuerunt,
1009 3308 1317 3374 nimirum
1364 3308 1563 3373 etiam
1607 3305 1973 3388 Puteolani,
2026 3305 2221 3388 volgo

201 3421 279 3463 ex
325 3397 582 3482 oppidis
637 3397 896 3481 publice
951 3397 1462 3482 gratulabantur.
1562 3394 1862 3478 Ineptum
1914 3413 2069 3456 sane
2115 3413 2222 3455 ne-

125 3510 174 3552 35
202 3487 452 3572 gotium
497 3488 564 3550 et
607 3484 1023 3566 Graeculum,
1069 3484 1182 3550 sed
1223 3488 1449 3550 tamen
1490 3484 1913 3550 fortunatum.
1983 3477 2221 3542 Utrum
