2609 3884
388 156 521 220 416
783 153 1382 211 TUSCULANARUM
1415 151 2024 209 DISPUTATIONUM

404 318 629 384 Nec
676 318 841 383 sors
886 338 1023 382 nec
1076 317 1195 381 ira
1247 315 1616 380 caelitum
1674 316 2060 381 invectum
2106 317 2412 402 malum,

475 406 686 484 Quod
729 407 880 471 n6n
924 408 1204 470 natura
1246 405 1579 470 humana
1620 405 1988 488 patiendo
2035 405 2349 470 ecferat.

384 492 511 560 Est
546 498 765 560 autem
802 493 982 559 utilis
1020 493 1101 558 ad
1136 491 1654 577 persuadendum
1691 513 1793 578 ea,
1835 514 2000 577 quae
2038 493 2410 576 acciderint,

384 575 540 648 ferri
604 586 671 647 et
739 604 931 668 posse
995 584 1062 646 et
1124 585 1423 666 oportere
1501 582 1901 646 enumeratio
1974 603 2226 664 eorum,
2301 582 2409 666 qui
2580 651 2581 654 Ἴ

384 672 686 736 tulerunt.
766 669 916 736 Etsi
962 669 1388 754 aegritudinis
1435 669 1684 734 sedatio
1731 672 1798 734 et
1842 669 2147 734 hesterna
2193 631 2407 753 dispu-
2431 697 2454 737 5

385 760 633 825 tatione
688 758 1009 843 explicata
1055 760 1156 822 est
1200 761 1267 822 et
1318 757 1390 822 in
1435 754 1920 822 Consolationis
1966 757 2164 842 libro,
2219 779 2408 842 quem
2505 838 2510 840 .

384 849 455 912 in
516 847 727 912 medio
793 845 953 948 (non
1016 847 1187 911 enim
1252 845 1576 930 sapientes
1644 842 1928 931 eramus)
1991 867 2286 910 maerore
2347 849 2410 910 et

385 935 607 1001 dolore
663 935 1191 1019 conscripsimus3
1251 933 1544 1036 quodque
1598 936 1778 998 vetat
1832 932 2235 1018 Chrysippus
2244 984 2262 1019 ,
2331 935 2409 999 ad

383 1023 664 1088 recentis
719 1023 905 1107 quasi
960 1026 1249 1087 tumores
1306 1022 1508 1086 animi
1552 1022 1908 1087 remedium
1957 1021 2291 1106 adhibere,
2345 1022 2410 1086 id

383 1132 503 1175 nos
540 1110 811 1175 fecimus
849 1113 1245 1194 naturaeque
1282 1110 1420 1175 vim
1457 1110 1825 1194 attulimus,
1860 1114 1937 1175 ut
1972 1073 2410 1195 magnitudini
2433 1139 2474 1177 ιο

385 1197 739 1262 medicinae
787 1198 1033 1263 doloris
1079 1197 1463 1284 magnitudo
1509 1198 1904 1264 concederet.

520 1283 647 1350 Sed
684 1285 1101 1371 aegritudini,
1148 1286 1225 1351 de
1272 1307 1399 1370 qua
1436 1287 1599 1352 satis
1647 1289 1749 1352 est
1783 1286 2219 1373 disputatum,
2265 1288 2408 1352 fini-

383 1373 583 1439 timus
639 1377 741 1439 est
798 1378 1036 1458 metus,
1090 1374 1169 1438 de
1228 1395 1356 1460 quo
1415 1395 1624 1458 pauca
1684 1374 1956 1440 dicenda
2014 1378 2184 1440 sunt.
2289 1375 2412 1441 Est

386 1463 558 1527 enim
612 1465 852 1547 metus,
902 1466 979 1528 ut
1040 1462 1374 1547 aegritudo
1429 1464 1815 1547 praesentis,
1881 1463 1973 1528 sic
2035 1463 2146 1527 ille
2203 1463 2412 1530 futuri

383 1550 561 1615 mali.
646 1550 873 1635 Itaque
916 1573 1050 1616 non
1092 1551 1258 1615 nulli
1305 1550 1727 1636 aegritudinis
1782 1554 2037 1634 partem
2083 1552 2410 1636 quandam
2435 1577 2477 1618 15

382 1641 631 1702 metum
668 1660 807 1704 esse
844 1639 1164 1724 dicebant,
1203 1639 1316 1704 alii
1355 1642 1573 1702 autem
1600 1641 1845 1704 metum
1879 1640 2412 1722 praemolestiam

384 1727 834 1811 appellabant,
888 1726 1057 1811 quod
1112 1729 1284 1791 esset
1335 1727 1521 1810 quasi
1578 1727 1707 1792 dux
1762 1729 2213 1812 consequentis
2277 1750 2411 1793 mo-

383 1814 631 1879 lestiae.
732 1813 981 1891 Quibus
1040 1814 1244 1898 igitur
1295 1814 1664 1880 rationibus
1722 1815 2038 1880 instantia
2095 1815 2412 1901 feruntur,

385 1902 625 1966 eisdem
679 1904 1181 1968 contemnuntur
1236 1903 1587 1986 sequentia.
1675 1901 1849 1968 Nam
1901 1902 2250 1982 videndum
2311 1909 2414 1970 est

382 1989 449 2054 in
496 1989 815 2075 utrisque,
841 2012 939 2054 ne
976 1989 1131 2075 quid
1166 1990 1435 2074 humile,
1482 1991 1927 2076 summissum,
1972 1992 2197 2076 molle,
2245 1992 2409 2057 ecfe-
2435 2019 2482 2058 ιο

380 2077 726 2162 minatum,
769 2041 1045 2142 f’ractum
1096 2078 1546 2162 abiectumque
1591 2078 1926 2145 faciamus.
2011 2077 2140 2145 Sed
2185 2102 2411 2165 quam·

382 2185 577 2248 quam
622 2165 701 2229 de
747 2165 953 2249 ipsius
990 2169 1199 2230 metus
1241 2167 1706 2252 inconstantia,
1751 2167 2204 2254 inbecillitate,
2251 2168 2408 2235 levi-

380 2255 519 2316 tate
576 2251 920 2317 dicendum
974 2255 1100 2338 est,
1152 2256 1374 2319 tamen
1428 2255 1707 2319 multum
1759 2255 2022 2357 prodest
2073 2277 2176 2342 ea,
2239 2278 2411 2342 quae

382 2342 784 2422 metuuntur,
828 2340 975 2424 ipsa
1019 2343 1450 2409 contemnere.
1519 2341 1750 2427 Itaque
1793 2344 1928 2408 sive
1973 2365 2125 2410 casu
2172 2345 2412 2410 accidit

288 1340 357 1390 64

382 2428 518 2494 sive
570 2428 869 2513 consilio,
938 2430 1394 2512 percommode
1451 2431 1698 2496 factum
1754 2435 1879 2515 est,
1943 2433 2114 2517 quod
2169 2433 2264 2498 eis
2330 2433 2409 2499 de
2435 2457 2481 2500 25
2580 2501 2581 2512 ,

379 2517 598 2602 rebus,
652 2537 817 2602 quae
871 2517 1151 2582 maxime
1206 2521 1611 2603 metuuntur,
1665 2519 1744 2584 de
1789 2523 1999 2585 morte
2045 2525 2112 2586 et
2167 2521 2248 2586 de
2295 2521 2410 2587 do-

378 2604 543 2691 lore,
602 2606 813 2689 primo
874 2610 940 2671 et
996 2626 1314 2689 proxumo
1377 2607 1479 2672 die
1539 2607 1938 2692 disputatum
1999 2610 2117 2673 est.
2225 2607 2410 2686 Quae

380 2693 438 2756 si
518 2695 798 2776 probata
874 2696 1060 2780 sunt,
1139 2698 1320 2760 metu
1399 2715 1639 2780 magna
1710 2716 1788 2760 ex
1876 2699 2065 2779 parte
2141 2697 2407 2762 liberati

382 2800 619 2845 sumus.

512 2868 609 2932 Ac
655 2868 733 2933 de
770 2855 1095 2934 malorum
1131 2870 1433 2954 opinione
1468 2870 1810 2958 hactenus3
1855 2872 2189 2938 videamus
2233 2894 2410 2938 nunc
2433 2899 2480 2940 30
2563 2893 2581 2944 ·,

284 2915 459 3018 65110
503 2954 848 3040 bonorum,
893 2957 961 3022 id
1004 2961 1108 3024 est
1153 2958 1231 3023 de
1276 2957 1533 3023 laetitia
1570 2963 1637 3024 et
1680 2960 1758 3025 de
1796 2961 2168 3044 cupiditate.
2240 2959 2408 3026 Mihi
2578 2979 2582 2992 ·

379 3040 638 3125 quidem
702 3043 773 3108 in
825 3046 966 3108 tota
1018 3046 1270 3111 ratione
1335 3068 1438 3130 ea,
1502 3068 1666 3131 quae
1717 3049 2005 3132 pertinet
2059 3047 2141 3114 ad
2202 3048 2408 3114 animi

376 3130 962 3214 perturbationem,
1032 3154 1166 3233 una
1224 3155 1331 3199 res
1405 3134 1659 3201 videtur
1722 3157 1983 3202 causam
2049 3137 2408 3238 continere,

379 3217 589 3282 omnis
654 3238 765 3282 eas
832 3238 970 3282 esse
1042 3219 1113 3284 in
1173 3225 1403 3286 nostra
1473 3226 1825 3308 potestate,
1889 3223 2100 3289 omnis
2167 3225 2405 3290 iudicio

380 3308 741 3389 susceptas,
806 3306 1016 3372 omnis
1080 3307 1502 3375 voluntarias.
1609 3311 1738 3378 Hic
1800 3312 2002 3396 igitur
2060 3333 2243 3378 error
2307 3316 2409 3378 est
2429 3337 2476 3378 ³⁵

380 3390 775 3472 eripiendus,
820 3391 980 3458 haec
1024 3393 1420 3461 detrahenda
1457 3399 1678 3482 opinio
1719 3403 1938 3484 atque,
1983 3402 2060 3464 ut
2101 3400 2175 3463 in
2211 3401 2406 3466 malis

380 3477 663 3559 opinatis
718 3479 1109 3567 tolerabilia,
1163 3483 1257 3547 sic
1309 3483 1379 3547 in
1431 3485 1619 3550 bonis
1677 3487 2004 3552 sedatiora
2057 3490 2214 3553 sunt
2270 3489 2407 3553 effi-

274 2837 357 2903 31
