2609 3884
368 175 503 239 424
760 173 1358 230 TUSCULANARUM
1395 170 2000 228 DISPUTATIONUM

370 336 558 421 quasi
589 336 875 402 radicem
919 337 1241 402 malorum
1286 335 1574 400 omnium
1631 334 1924 418 stirpitus
1974 330 2396 416 philosophia

265 436 335 486 84
370 446 440 490 se
504 427 941 490 extracturam
1004 423 1367 508 pollicetur.
1487 421 1733 487 Demus
1795 421 2000 506 igitur
2058 442 2180 486 nos
2242 419 2395 484 huic

370 513 749 578 excolendos
803 511 1255 597 patiamurque
1311 531 1432 575 nos
1478 511 1714 575 sanari.
1801 508 1926 574 His
1981 508 2154 573 enim
2201 507 2392 573 malis

367 600 798 666 insidentibus
833 622 967 666 non
1003 599 1197 666 modo
1242 598 1447 682 beati,
1493 597 1607 663 sed
1639 619 1722 663 ne
1763 597 1908 662 sani
1952 595 2218 681 quidem
2253 614 2394 660 esse

366 710 732 774 possumne.
803 689 941 753 Aut
976 689 1181 773 igitur
1213 707 1525 773 negemus
1562 686 1910 771 quicquam
1945 685 2202 751 ratione
2239 705 2386 750 con·
2416 709 2444 750 ε

368 777 502 862 fici,
557 799 704 843 cum
756 780 985 843 contra
1036 776 1205 841 nihil
1250 776 1393 841 sine
1445 775 1701 840 ratione
1746 776 1919 839 recte
1975 772 2120 837 fieri
2163 771 2394 858 possit,

371 869 508 948 aut,
554 887 699 931 cum
743 864 1163 950 philosophia
1208 885 1286 928 ex
1330 863 1656 930 rationum
1702 861 2071 928 conlatione
2123 861 2396 943 constet,

370 953 453 1018 ab
501 974 603 1038 ea,
658 953 716 1018 si
768 957 835 1018 et
886 952 1045 1018 boni
1101 956 1167 1017 et
1220 952 1399 1017 beati
1442 952 1738 1017 volumus
1793 972 1963 1034 esse,
2022 949 2242 1013 omnia
2289 947 2395 1012 ad·

368 1041 657 1106 iumenta
702 1043 769 1105 et
788 1087 791 1092 -
811 1040 1053 1106 auxilia
1095 1042 1395 1124 petamus
1441 1040 1604 1105 bene
1647 1039 1964 1124 beateque
2008 1035 2292 1103 vivendi.

864 1448 961 1520 M.
1021 1445 1346 1519 TULLII
1401 1445 1898 1520 CICERONIS

505 1608 1356 1697 TUSCULANARUM
1418 1607 2278 1696 DISPUTATIONUM

1103 1756 1203 1810 AD
1241 1755 1317 1810 M.
1353 1755 1665 1812 BRUTUM

1057 1887 1303 1946 LIBER
1349 1886 1731 1964 QUINTUS,
1848 1956 1851 1961 ¹

374 2005 529 2083 QUI
574 2003 865 2071 DOGET
911 2004 1368 2071 VIRTUTEM
1409 2003 1532 2070 AD
1577 2003 1870 2070 ΒΕΑΤΕ
1916 2001 2406 2070 VIVENDUM

782 2107 884 2175 SE
930 2109 1127 2176 IPSA
1171 2107 1388 2176 ESSE
1435 2107 1994 2175 CONTENTAM.

1275 2251 1490 2260 ,ψ-

1028 2341 1740 2403 ARGUMENTUM.

514 2458 639 2517 Hoc
664 2457 811 2514 libro
840 2456 1025 2527 quinti
1052 2456 1168 2513 diei
1194 2457 1505 2528 disputatio
1534 2459 1880 2528 continetur,
1918 2475 2030 2528 qua
2063 2457 2404 2514 virtutem

374 2530 457 2584 ad
484 2530 684 2586 beate
710 2529 1077 2585 vivendum
1104 2545 1173 2584 se
1199 2529 1354 2599 ipsa
1381 2545 1526 2585 esse
1554 2531 1946 2585 contentam
1965 2529 2402 2586 demonstratur.

373 2599 457 2656 Ac
492 2600 736 2672 primum
774 2599 1001 2669 quidem
1036 2600 1566 2656 mathematicorum
1601 2616 1757 2655 more
1785 2599 1979 2656 Cicero
2017 2617 2086 2654 ex
2117 2599 2217 2669 iis,
2255 2615 2401 2682 quae

374 2673 507 2726 ante
570 2670 659 2727 dis
698 2673 860 2726 utata
913 2672 1099 2740 erant,
1153 2670 1403 2726 breviter
1455 2670 1680 2726 conficit
1729 2670 1792 2724 id
1809 2713 1824 2740 ,
1879 2670 2032 2740 quod
2085 2673 2401 2739 quaentur;

375 2741 579 2796 deinde
616 2758 651 2797 a
724 2741 1191 2812 philosophorum
1224 2742 1456 2797 modum
1490 2741 1575 2796 ita
1601 2741 1681 2801 ‚de
1707 2741 1817 2796 hac
1845 2739 2174 2810 quaestione
2213 2741 2403 2812 dispu-

372 2813 488 2878 tat,
541 2813 833 2880 tamquam
886 2811 1264 2894 superioribus
1320 2811 1520 2867 diebus
1569 2811 1714 2866 nihil
1758 2811 1834 2868 sit
1877 2811 2220 2881 disputando
2274 2828 2402 2868 con-

371 2881 599 2936 fectum.
690 2881 745 2936 N
746 2899 839 2936 am
891 2899 1158 2951 pnmum'
1184 2881 1458 2952 ostendit,
1510 2881 1560 2937 si
1605 2881 1828 2952 sapiens
1873 2881 2133 2937 omnibus
2183 2884 2402 2952 pertur-

372 2950 701 3006 batiom’bns
747 2951 893 3007 liber
942 2952 1041 3022 sit,
1088 2969 1203 3008 non
1245 2969 1414 3022 posse
1457 2969 1573 3007 non
1614 2952 1846 3007 beatum
1891 2952 2208 3023 sapientem
2263 2969 2402 3021 esse,

376 3021 554 3090 quod,
611 3020 709 3090 qui
756 3020 817 3074 in
860 3021 974 3075 illis
1020 3023 1149 3092 sint,
1212 3023 1406 3079 miseri
1460 3023 1572 3078 sint
1612 3022 1946 3079 necessario.
2037 3021 2223 3088 Quare
2274 3040 2403 3079 eum

372 3091 553 3146 virtus
588 3091 1106 3160 perturbationibus
1140 3094 1265 3149 sola
1299 3093 1530 3162 liberet,
1565 3093 1834 3149 virtutem
1868 3093 2185 3149 necessario
2222 3094 2404 3149 solam

374 3161 604 3216 beatum
655 3161 942 3216 hominem
996 3162 1218 3218 efficere
1273 3167 1418 3246 (cap.
1478 3166 1671 3234 1-6).
1757 3165 1825 3219 In
1873 3180 1983 3233 quo
2037 3163 2406 3233 reprehendit

373 3233 624 3290 veterem
658 3231 1123 3287 Academicorum
1160 3235 1220 3300 et
1252 3234 1757 3304 Peripateticorum
1794 3233 2262 3304 inconstantiam,
2307 3234 2403 3304 qui

375 3317 503 3356 cum
556 3301 669 3356 tria
722 3318 931 3372 genera
982 3303 1258 3358 bonorum
1308 3305 1600 3371 fecissent,
1656 3306 1836 3360 solam
1887 3307 2081 3360 tamen
2132 3304 2403 3360 virtutem

375 3370 621 3426 dixerint
654 3373 792 3426 satis
828 3373 889 3429 in
924 3388 985 3427 se
1020 3372 1259 3442 habere,
1296 3374 1346 3428 si
1380 3391 1495 3429 non
1531 3375 1606 3430 ad
1639 3374 2052 3444 beatissimam,
2097 3375 2294 3430 tamen
2327 3375 2404 3430 ad

374 3441 603 3494 beatam
646 3441 826 3496 vitam
870 3443 1016 3523 (cap.
1057 3443 1287 3511 ''l—13).
1383 3444 1603 3499 Deinde
1647 3446 1841 3501 multis
1886 3462 2014 3500 cum
2057 3444 2403 3514 argumentis

373 3511 497 3564 tum
524 3511 793 3581 exemplis
819 3512 1111 3566 hommum
1140 3513 1200 3566 et
1213 3511 1547 3568 vitiosorum
1575 3517 1636 3569 et
1651 3514 1875 3570 virtutis
1900 3515 2070 3574 laude
2095 3515 2401 3571 illustrium
