2609 3884
38 208 41 273 l

36 280 41 337 f

656 180 793 237 LIB.
827 181 872 239 Ι.
927 180 1083 238 CAP.
1125 188 1370 238 14-16.
1427 186 1459 248 ξ
1496 188 1741 239 46—51.
2092 186 2207 249 111

185 343 504 408 miserum
577 345 705 427 est,
777 343 861 409 ob
944 364 1212 429 eamque
1284 344 1689 409 debilitatem
1752 345 1955 410 animi
2027 347 2220 412 multi

183 433 522 516 parentes,
584 431 774 496 multi
829 430 1098 517 amicos,
1150 453 1283 497 non
1337 432 1503 497 nulli
1564 434 1869 518 patriam,
1931 434 2220 519 plerique

186 524 412 584 autem
459 540 528 584 se
571 520 754 604 ipsos
797 519 1054 604 penitus
1098 519 1545 605 perdiderunt,
1596 521 1690 586 sic
1733 522 2039 588 robustus
2085 523 2219 587 ani·

185 629 337 672 mus
383 610 450 671 et
494 607 781 673 excelsus
837 608 1018 673 omni
1071 610 1174 673 est
1223 606 1395 673 liber
1440 629 1593 675 cura
1636 612 1703 674 et
1753 630 2021 695 angore,
2076 630 2220 675 cum

34 702 36 723 ²
123 720 156 762 5
187 699 260 760 et
304 698 580 760 mortem
627 695 1012 779 contemnit,
1069 716 1198 781 qua
1241 696 1354 780 qui
1398 696 1614 761 affecti
1664 700 1844 780 sunt,
1888 698 1961 762 in
1996 695 2218 763 eadem

185 804 388 849 causa
443 787 620 867 sunt,
683 804 813 868 qua
871 786 1020 849 ante
1076 805 1270 868 quam
1323 783 1491 867 nati,
1554 787 1622 850 et
1674 783 1757 850 ad
1810 784 2065 850 dolores
2124 786 2247 873 ita,

183 876 464 955 paratus
509 876 636 955 est,
679 875 758 937 ut
806 871 1174 936 meminerit
1216 872 1533 939 maximos
1578 875 1787 937 morte
1830 872 2032 957 finiri,
2073 895 2217 957 par-

184 980 310 1025 vos
373 959 584 1025 multa
652 959 895 1024 habere
965 958 1313 1025 intervalla
1382 960 1723 1043 requietiS,
1800 961 2218 1026 mediocrium

183 1068 312 1113 nos
360 1068 502 1113 esse
547 1047 871 1131 dominos,
915 1050 1018 1132 ut,
1063 1048 1123 1112 si
1163 1046 1542 1113 tolerabiles
1589 1048 1748 1132 sint,
1790 1048 2101 1129 feramus,
2162 1050 2219 1114 si

99 1163 157 1202 ιο
185 1136 436 1218 minus,
482 1135 697 1201 animo
734 1157 938 1220 aequo
977 1157 1012 1199 e
1056 1136 1220 1220 vita,
1265 1156 1413 1199 cum
1450 1157 1529 1201 ea
1561 1158 1695 1201 non
1728 1136 2012 1221 placeat,
2054 1141 2218 1202 tam·

186 1245 388 1308 quam
441 1244 476 1287 e
527 1222 787 1289 theatro
843 1244 1162 1289 exeamus.
1260 1222 1507 1300 Quibus
1561 1224 1756 1289 rebus
1815 1224 2222 1309 intellegitur

182 1332 311 1377 nec
372 1310 788 1376 timiditatem
850 1312 1304 1397 ignaviamque
1368 1311 1724 1395 vituperari
1779 1333 1899 1378 nec
1959 1312 2217 1377 fortitu-

185 1398 410 1465 dinem
469 1398 980 1484 patientiamque
1042 1399 1299 1465 laudari
1364 1420 1481 1465 suo
1539 1399 1830 1484 nomine,
1896 1400 2010 1466 sed
2066 1399 2217 1466 illas

186 1488 376 1571 reici,
431 1488 582 1571 quia
635 1486 928 1553 dolorem
979 1488 1268 1571 pariant,
1322 1487 1444 1553 has
1492 1488 1732 1571 optari,
1793 1487 1947 1573 quia
1990 1488 2219 1572 volup·

189 1580 223 1639 t
265 1579 419 1639 tem.

109 1601 161 1641 1⁵
225 1598 264 1640 a
326 1661 590 1728 Iustitia
630 1665 868 1748 restat,
911 1666 987 1728 ut
1030 1662 1110 1729 de
1152 1663 1334 1729 omni
1368 1662 1609 1729 virtute
1656 1664 1743 1728 sit
1788 1662 2057 1750 dictum3
2104 1626 2323 1753 sed5016

190 1752 435 1817 similia
487 1751 621 1815 fere
677 1751 804 1816 dici
857 1754 1150 1834 possunt.
1239 1749 1334 1817 Ut
1379 1752 1553 1816 enim
1597 1751 2010 1836 sapientiam,
2054 1754 2215 1816 tem-

187 1839 582 1924 perantiam,
656 1838 1104 1917 fortitudinem
1181 1840 1520 1923 copulatas
1599 1860 1741 1904 esse
1812 1838 2000 1905 docui
2073 1860 2218 1904 cum

186 1928 543 2011 voluptate,
576 1930 655 1992 ut
690 1928 774 1993 ab
810 1948 888 1992 ea
922 1927 1102 1992 nullo
1139 1927 1334 1992 modo
1372 1948 1491 1992 nec
1528 1926 1749 1992 divelli
1783 1945 1905 1992 nec·
1942 1926 2218 1992 distrahi

107 2042 162 2082 ιο
187 2016 478 2101 possint,
505 2015 600 2081 sic
634 2014 715 2079 de
751 2014 1004 2080 iustitia
1037 2014 1452 2081 iudicandum
1488 2019 1616 2095 est,
1652 2036 1815 2100 quae
1851 2036 1986 2081 non
2022 2014 2216 2080 modo

187 2125 544 2187 numquam
588 2105 782 2169 nocet
825 2104 1152 2187 cuiquam,
1205 2103 1322 2168 sed
1377 2105 1602 2168 contra
1648 2124 1903 2186 semper
1944 2104 2222 2187 impertit

191 2190 438 2277 aliquid
499 2212 645 2257 cum
707 2213 826 2256 sua
886 2191 953 2255 vi
1015 2194 1209 2275 atque
1272 2195 1538 2275 natura,
1576 2190 1775 2274 'quod
1835 2190 2220 2276 tranquillet

190 2280 470 2363 animos,
515 2283 656 2343 tum
703 2300 817 2364 spe
859 2278 1028 2343 nihil
1073 2300 1294 2344 earum
1342 2300 1558 2343 rerum
1604 2277 2000 2363 defuturum,
2055 2300 2217 2364 quas

186 2373 428 2433 natu-ra
468 2389 600 2432 non
645 2367 1004 2450 depravata
1045 2365 1380 2433 desideret.
1450 2366 1545 2433 Et
1585 2387 1777 2451 quem
1823 2366 1907 2431 ad
1952 2366 2215 2433 modum

111 2482 162 2524 25
190 2456 526 2521 temeritas
581 2458 649 2519 et
690 2454 892 2520 libido
940 2459 1008 2520 et
1050 2455 1315 2539 ignavia
1359 2476 1612 2539 semper
1666 2456 1955 2520 animum
2001 2476 2216 2519 excru-

192 2534 372 2609 ciant
425 2547 491 2608 et
544 2564 796 2645 semper
864 2542 1220 2608 sollicitant
1278 2542 1818 2626 turbulentaeque
1881 2523 2058 2626 sunt,
2122 2542 2217 2607 sic

189 2630 554 2715 improbitas
594 2632 654 2697 si
697 2632 877 2697 cuius
923 2632 994 2697 in
1037 2635 1256 2695 mente
1302 2630 1612 2710 consedit,
1658 2630 1785 2696 hoc
1828 2629 2001 2713 ipso,
2048 2628 2219 2714 quod

193 2720 404 2803 adest,
454 2718 833 2784 turbulenta
885 2722 1012 2804 est3
1082 2718 1140 2783 si
1192 2740 1346 2783 vero
1409 2719 1640 2783 molita
1701 2718 2036 2802 quippiam
2099 2722 2219 2801 est,

194 2807 490 2894 quamvis
545 2808 789 2873 occulte
842 2805 1070 2871 secent
1077 2857 1095 2890 ,
1152 2811 1505 2890 numquam
1560 2810 1785 2870 tamen
1828 2805 1895 2870 id
1941 2804 2219 2871 confidet

113 2922 168 2962 ao
189 2896 334 2961 fore
379 2916 634 2979 semper
677 2895 1018 2962 occultum.
1103 2894 1493 2978 Plerumque
1544 2894 1991 2977 improborum
2044 2894 2219 2959 facta

191 2984 405 3068 primo
470 2984 752 3067 suspicio
814 2983 1200 3067 insequitur,
1270 2982 1420 3046 dein
1484 3003 1696 3047 sermo
1760 2986 1955 3067 atque
2026 2982 2218 3065 fama,

190 3078 337 3137 tum
381 3075 744 3155 accusator,
785 3074 928 3135 tum
963 3069 1182 3154 inde13
1228 3070 1422 3135 multi
1456 3071 1679 3153 etiam,
1725 3072 1801 3134 ut
1836 3074 1904 3134 te
1940 3071 2215 3148 consule,

191 3159 323 3243 ipsi
384 3181 453 3224 se
515 3158 975 3226 indicaverunt.
1091 3157 1336 3234 Quodsi
1401 3159 1512 3242 qui
1572 3158 1735 3223 satis
1802 3158 1928 3222 sibi
1991 3160 2218 3223 contra
2253 3176 2315 3225 51

190 3248 529 3313 hominum
574 3248 1033 3314 conscientiam
1078 3246 1288 3330 saepti
1334 3267 1474 3312 esse
1515 3249 1583 3310 et
1616 3246 1855 3310 muniti
1899 3244 2216 3327 videntur,

117 3360 167 3402 ³⁵
193 3336 463 3401 deorum
532 3340 750 3400 tamen
820 3335 1091 3401 horrent
1164 3356 1402 3419 easque
1474 3333 1653 3417 ipsas
1726 3332 2216 3415 sollicitudineS,

192 3422 427 3509 quibus
495 3444 716 3489 eorum
786 3424 988 3489 animi
1051 3421 1425 3507 ‘noctesque
1494 3419 1784 3505 diesque'
1844 3420 2215 3500 exeduntur,

193 3534 235 3578 a
280 3512 382 3577 dis
427 3511 900 3577 immortalibus
958 3509 1260 3595 supplicii
1316 3530 1509 3575 causa
1560 3507 1904 3592 importari
1960 3508 2213 3589 putant.
