2609 3884
714 175 848 230 ΜΒ.
887 175 954 231 V.
1011 174 1163 230 cAP.
1203 182 1449 233 24—26.
1510 183 1539 244 ς
1579 182 1821 234 71—76.
2146 177 2273 242 267

243 337 503 402 faciant
545 338 793 404 nullam
839 342 1221 424 quaerentes
1267 339 1685 422 voluptatem.
1761 337 1963 405 Stoici
2006 343 2272 407 restant.

245 425 332 490 Ei
399 426 660 510 quidem
722 450 855 493 non
919 450 1117 492 unam
1171 427 1455 512 aliquam
1520 431 1633 492 aut
1707 429 1979 493 alteram
2040 449 2171 494 rem
2234 454 2272 493 a

246 514 466 598 nobis,
515 515 627 579 sed
672 519 882 582 totam
930 515 1011 580 ad
1059 537 1128 581 se
1182 518 1474 581 nostram
1526 515 2006 600 philosophiam
2062 519 2270 581 trans·

245 603 567 685 tulerunt3
633 607 822 688 atque
887 606 961 670 ut
1025 603 1261 688 reliqui
1314 603 1490 669 fures
1548 625 1765 668 earum
1819 626 2060 688 rerum,
2114 626 2271 689 quas

193 716 223 757 5
251 695 591 774 ceperunt,
655 692 845 776 signa
908 694 1309 757 commutant
1327 741 1346 776 ,
1420 691 1513 756 sic
1583 692 1684 756 illi
1704 741 1721 775 ,
1793 695 1868 756 ut
1936 693 2270 757 sententiis

247 779 493 843 nostris
547 801 665 862 pro
725 780 860 844 suis
913 782 1277 862 uterentur,
1338 779 1607 845 nomina
1667 783 1997 864 tamquam
2056 802 2271 846 rerum

247 870 439 931 notas
479 870 912 933 mutaverunt.
985 866 1090 932 Ita
1123 867 1509 952 relinquitur
1546 868 1687 934 sola
1722 868 1885 934 haec
1932 869 2273 951 disciplina

248 954 447 1038 digna
512 955 820 1021 studiosis
883 955 1313 1040 ingenuarum
1376 955 1642 1040 artium,
1720 957 1917 1041 digna
1987 957 2271 1040 eruditiS,

247 1041 450 1127 digna
505 1042 698 1108 claris
754 1043 940 1126 viris,
997 1042 1196 1128 digna
1247 1043 1675 1127 principibus,
1730 1045 1927 1130 digna
1988 1045 2271 1129 regibus

169 1157 222 1197 ιο
383 1129 565 1206 Quae
601 1152 750 1196 cum
786 1130 1055 1196 dixisset
1089 1131 1477 1215 paulumque
1514 1132 1879 1215 institisset,
1926 1131 2095 1208 Quid
2124 1132 2269 1198 est?
2309 1144 2375 1194 75

246 1219 492 1302 inquit,
548 1219 790 1284 satisne
844 1219 1030 1284 vobis
1085 1219 1306 1286 videor
1359 1241 1477 1302 pro
1528 1241 1674 1286 meo
1729 1221 1868 1286 iure
1921 1221 1991 1285 in
2036 1222 2268 1285 vestris

249 1306 516 1371 auribus
583 1306 1098 1372 commentatus?
1205 1307 1296 1372 Et
1358 1327 1507 1392 ego:
1583 1307 1681 1373 Tu
1744 1330 1923 1391 vero,
1987 1309 2270 1393 inquam,

247 1393 432 1478 Piso,
491 1398 566 1459 ut
617 1416 808 1477 saepe
864 1395 1026 1460 alias
1037 1445 1054 1478 ,
1119 1395 1212 1461 sic
1265 1395 1459 1460 hodie
1513 1396 1607 1460 ita
1660 1417 1851 1462 nosse
1911 1396 2039 1460 ista
2092 1396 2269 1462 visus

249 1505 337 1566 es,
372 1486 465 1566 ut,
503 1483 562 1548 si
596 1483 696 1548 tui
731 1483 923 1548 nobis
960 1486 1250 1567 potestas
1289 1484 1545 1567 saepius
1582 1483 1783 1567 fieret,
1824 1505 1956 1549 non
1993 1484 2270 1550 multum

172 1595 224 1636 ιε»
251 1569 520 1636 Graecis
557 1571 1052 1655 supplicandum
1096 1575 1411 1654 putarem.
1485 1569 1671 1646 Quod
1717 1571 1973 1655 quidem
2010 1593 2085 1635 eo
2122 1593 2269 1655 pro«

250 1660 402 1725 bavi
483 1661 694 1745 magis
715 1709 732 1737 ‚
815 1659 966 1744 quia
1036 1660 1300 1725 memini
1383 1657 1677 1724 Staseam
1746 1658 2271 1743 Neapolitanum,

251 1748 583 1814 doctorem
645 1749 833 1813 illum
896 1752 1106 1829 tuum,
1167 1747 1458 1813 nobilem
1524 1768 1678 1812 sane
1750 1745 2270 1830 Peripateticum,

253 1837 588 1920 aliquanto
634 1837 766 1901 ista
811 1857 994 1901 secus
1043 1835 1252 1901 dicere
1299 1835 1594 1918 solitum,
1653 1834 2115 1900 assentientem
2169 1834 2270 1918 iis,

252 1925 364 2009 qui
410 1926 689 1989 multum
733 1925 803 1989 in
845 1923 1107 1989 fortuna
1153 1923 1429 1988 secunda
1474 1925 1590 1986 aut
1644 1923 1939 2007 adversa,
1992 1923 2271 1987 multum

175 2037 228 2077 20
255 2013 320 2078 in
367 2013 558 2078 bonis
607 2015 721 2078 aut
765 2012 958 2077 malis
1004 2012 1292 2094 corporis
1339 2014 1669 2094 ponerent.
1757 2010 1910 2094 Est,
1963 2013 2039 2075 ut
2093 2010 2271 2094 dicis,

254 2101 491 2185 inquit3
539 2100 649 2165 sed
686 2099 847 2165 haec
885 2100 967 2164 ab
1003 2098 1357 2183 Antiocho,
1401 2097 1717 2164 familiari
1752 2102 2006 2181 nostrO,
2054 2098 2272 2163 dicun-

251 2194 361 2253 tur
397 2189 606 2253 multo
642 2188 871 2253 melius
909 2190 975 2252 et
1017 2186 1268 2270 fortius,
1308 2207 1502 2271 quam
1540 2208 1579 2251 a
1617 2184 1845 2252 Stasea
1880 2187 2275 2252 dicebantur.

253 2277 662 2361 Quamquam
699 2297 820 2361 ego
857 2297 991 2341 non
1037 2297 1301 2360 quaero,
1350 2275 1505 2359 quid
1539 2275 1665 2339 tibi
1708 2297 1747 2339 a
1782 2297 1887 2340 me
1922 2275 2271 2358 probatum

254 2367 368 2448 sit,
415 2365 527 2429 sed
572 2363 726 2428 huic
773 2361 1068 2429 Ciceroni
1113 2365 1367 2447 nostro,
1414 2385 1606 2448 quem
1652 2362 2038 2447 discipulum
2085 2362 2271 2446 cupio

175 2477 226 2518 25
253 2476 292 2518 a
335 2456 403 2517 te
451 2452 783 2517 abducere.

387 2539 555 2604 Tum
609 2539 869 2604 Lucius:
941 2538 1107 2604 Mihi
1151 2561 1303 2605 vero
1358 2539 1487 2603 ista
1534 2539 1723 2603 valde
1778 2538 2056 2621 probata
2103 2539 2273 2617 sunt,
2293 2507 2379 2634 ξιξ

253 2628 425 2713 quod
471 2629 630 2692 item
673 2626 865 2692 fratri
906 2630 1084 2711 puto.
1181 2627 1349 2692 Tum
1401 2625 1566 2691 mihi
1608 2625 1786 2690 Piso:
1858 2624 2025 2701 Quid
2072 2624 2271 2708 ergo‘a>

252 2717 490 2801 inquit,
539 2716 736 2782 dasne
784 2715 1182 2780 adulescenti
1228 2713 1528 2779 veniam}>
1585 2734 1671 2778 an
1716 2735 1862 2778 eum
1908 2712 2153 2777 discere
2199 2733 2277 2776 ea

253 2804 488 2887 maviS,
536 2825 698 2887 quae
735 2825 881 2869 cum
926 2804 1118 2888 plane
1161 2802 1599 2886 perdidicerit,
1642 2801 1813 2866 nihil
1850 2800 2057 2865 sciat‘a>
2129 2799 2275 2885 Ego

176 2916 228 2956 30
254 2914 408 2957 vero
487 2892 624 2970 isti,
689 2891 982 2976 inquam,
1052 2891 1390 2975 permitt03
1466 2890 1578 2956 sed
1639 2909 1851 2954 nonne
1920 2888 2277 2954 meministi

252 2980 447 3045 licere
494 2979 657 3044 mihi
702 2980 833 3044 ista
877 2979 1182 3062 probare,
1227 2999 1391 3063 quae
1438 2981 1588 3043 sunt
1630 2999 1669 3042 a
1712 2981 1779 3043 te
1826 2977 2040 3042 dicta?
2114 2976 2275 3054 Quis

255 3069 430 3134 enim
493 3069 712 3150 potest
776 3089 878 3150 ea,
942 3088 1107 3152 quae
1169 3066 1540 3149 probabilia
1591 3066 1931 3131 videantur
1995 3064 2081 3148 ei,
2143 3086 2279 3129 non

255 3155 580 3239 probare?
669 3153 776 3220 An
820 3177 1001 3239 ver0,
1045 3155 1284 3238 inquit,
1330 3154 1672 3238 quisquam
1717 3156 1935 3238 potest
1981 3152 2278 3236 probare,

256 3243 429 3328 quod
464 3246 866 3327 perceptum,
913 3242 1086 3326 quod
1125 3241 1689 3325 comprehensum,
1731 3241 1906 3326 quod
1942 3240 2278 3325 cognitum
2408 3250 2416 3257 ‘

181 3354 231 3395 ³5
256 3353 384 3396 non
450 3331 693 3396 habet‘?
809 3330 961 3396 Non
1025 3333 1126 3394 est
1197 3330 1353 3412 ista,
1423 3330 1715 3414 inquam,
1785 3329 1965 3410 Piso,
2038 3347 2279 3410 magna

258 3418 591 3484 dissensio,
680 3417 865 3483 Nihil
921 3421 1021 3482 est
1077 3417 1250 3481 enim
1297 3416 1501 3502 aliud,
1562 3438 1756 3500 quam
1804 3416 1887 3480 ob
1934 3436 2072 3478 rem
2117 3412 2275 3477 mihi

255 3507 500 3591 percipi
535 3505 704 3571 nihil
749 3527 944 3589 posse
989 3504 1303 3588 videatur,
1350 3504 1479 3569 nisi
1526 3503 1699 3587 quod
1742 3499 2139 3587 percipiendi
2176 3500 2278 3562 vis
