2609 3884
375 184 504 249 184
695 183 796 239 DE
830 181 1122 237 FIMBUS
1159 180 1521 237 BONORUM
1556 180 1653 234 ΕΤ
1691 178 2057 234 MALORUM

371 347 465 411 sic
501 341 945 431 appellemus),
983 347 1232 409 motum
1270 346 1385 406 aut
1421 345 1665 406 statum
1703 362 1842 406 esse
1879 340 2046 405 dixit
2081 362 2116 404 e
2152 344 2387 405 natura

372 434 690 499 absoluto,
789 430 1076 515 Cumque
1130 452 1345 495 rerum
1405 431 1705 494 notiones
1767 429 1840 493 in
1902 428 2137 493 animis
2210 429 2389 511 fiant,

372 524 427 586 si
473 526 587 586 aut
629 544 752 585 usu
798 519 1041 604 aliquid
1088 520 1418 603 cognitum
1473 517 1560 581 sit
1620 520 1734 582 aut
1778 516 2229 582 coniunctione
2277 521 2391 580 aut

374 609 793 675 similitudine
841 611 954 672 aut
1000 608 1347 672 collatione
1392 606 1693 688 rationis,
1735 605 1861 670 hoc
1907 609 2170 691 quart0,
2212 604 2390 688 quod

375 703 734 763 extremum
787 696 1002 779 posui,
1056 694 1214 759 boni
1263 693 1505 758 notitia
1555 693 1734 758 facta
1788 696 1902 757 est.
2000 690 2164 757 Cum
2220 692 2391 757 6111111
2417 716 2447 757 5

375 788 458 850 ab
502 785 587 849 iis
641 786 862 867 rebuS,
919 805 1082 867 quae
1129 785 1280 847 sunt
1326 782 1672 846 secundum
1716 785 2043 861 naturam,
2102 781 2394 845 ascendit
2593 846 2596 867 Ι

375 874 627 938 animus
691 871 1044 937 collatione
1108 870 1413 951 rationis,
1476 873 1617 934 tum
1681 869 1764 934 ad
1834 869 2167 934 notionem
2235 869 2394 933 boni
2593 872 2596 961 j

269 983 340 1031 34
374 960 685 1045 pervenit.
784 957 929 1024 Hoc
985 961 1200 1023 autem
1255 958 1471 1040 ipsum
1526 958 1767 1022 bonum
1828 978 1961 1022 non
2024 956 2395 1021 accessione
2593 964 2596 973 ⁴

375 1070 596 1149 neque·
647 1046 991 1112 crescendo
1057 1050 1170 1110 aut
1233 1068 1378 1110 cum
1446 1046 1677 1109 ceteris
1750 1045 2210 1128 comparandO,
2281 1043 2397 1109 sed

374 1137 642 1219 propria
687 1136 750 1199 vi
787 1157 906 1198 sua
943 1139 1009 1199 et
1055 1134 1369 1198 sentimus
1415 1137 1481 1197 et
1526 1133 1927 1217 appellamus
1970 1133 2231 1198 bonum.
2300 1130 2397 1197 Ut
2425 1158 2485 1197 ιο

376 1224 550 1287 6111111
605 1223 760 1306 11161,
816 1222 940 1287 etsi
994 1221 1435 1287 dulcissimum
1490 1227 1618 1305 est,
1681 1243 1797 1286 suo
1852 1224 2071 1285 tamen
2126 1222 2394 1304 proprio

375 1332 610 1396 genere
649 1310 926 1394 saporis,
968 1332 1101 1375 non
1137 1309 1619 1393 comparatione
1656 1330 1802 1373 cum
1840 1309 1987 1373 aliis
2023 1308 2206 1373 dulce
2253 1329 2397 1372 esse

377 1400 677 1484 sentitur,
741 1400 836 1464 sic
896 1399 1139 1464 bonum
1200 1398 1351 1479 hoc,
1415 1397 1492 1462 de
1547 1419 1675 1480 quo
1736 1397 2016 1481 agimus,
2078 1401 2180 1461 est
2228 1396 2399 1461 illud

373 1488 631 1573 quidem
668 1486 932 1572 plurimi
970 1486 1461 1562 aestimandum,
1498 1485 1611 1549 sed
1648 1506 1725 1549 ea
1752 1484 2121 1549 aestimatio
2160 1504 2397 1569 genere

372 1578 574 1661 valet,
627 1597 759 1640 non
803 1574 1269 1659 magnitudine.
1356 1571 1530 1638 Nam
1577 1594 1720 1637 cum
1769 1572 2167 1657 aestimatio,
2226 1594 2396 1656 quae
2427 1596 2485 1637 ιε

372 1659 524 1765 ᾆξία
570 1663 833 1746 dicitur,
891 1683 1098 1746 neque
1143 1662 1212 1725 in
1256 1661 1447 1725 bonis
1491 1663 1829 1724 numerata
1875 1662 1963 1726 sit
2002 1681 2123 1725 nec
2166 1682 2394 1725 rursus

372 1752 442 1815 in
488 1752 706 1836 maliS,
749 1753 1337 1835 quantumcumque
1374 1769 1449 1812 eo
1488 1747 1836 1849 addideris,
1880 1749 1951 1812 in
1994 1769 2111 1813 suo
2156 1769 2395 1849 genere
2438 1756 2443 1759 ’

374 1840 683 1904 manebit.
772 1838 924 1902 Alia
971 1840 1071 1902 est
1124 1836 1328 1921 igitur
1376 1836 1644 1918 propria
1688 1836 2059 1901 aestimatio
2105 1836 2394 1919 virtutiS,

269 1945 337 1996 35
377 1950 542 2011 quae
597 1946 857 2010 genere,
910 1947 1045 1989 non
1089 1924 1431 1989 crescendo
1486 1925 1673 1989 valet.
1761 1923 1827 1990 N
1830 1945 1902 1989 ec
1944 1946 2097 1989 vero
2142 1927 2393 2007 pertur-

373 2014 672 2079 bationes
720 2013 1109 2095 animorum,
1155 2033 1317 2096 quae
1353 2012 1557 2076 vitam
1593 2012 2041 2094 insipientium
2084 2014 2394 2077 miseram
2426 2039 2486 2079 κο

376 2102 800 2184 acerbamque
844 2100 1150 2181 reddunt,
1197 2121 1489 2183 —quas
1528 2098 1759 2163 Graeci
1802 2096 1990 2183 πάθη
2038 2100 2393 2184 appellant,

373 2193 668 2273 poteram
725 2208 847 2272 ego
902 2188 1168 2252 verbum
1222 2188 1438 2271 ipsum
1482 2188 1919 2271 interpretans
1969 2188 2249 2253 morbos
2280 2210 2394 2271 ap-

374 2277 647 2360 pellare,
712 2274 825 2340 sed
888 2297 1019 2340 non
1083 2275 1455 2340 conveniret
1516 2276 1597 2339 ad
1660 2276 1893 2340 omnia.
1995 2275 2153 2351 Quis
2219 2277 2395 2341 enim

373 2364 884 2428 misericordiam
947 2366 1063 2427 aut
1122 2363 1335 2446 ipsam
1398 2363 1798 2428 iracundiam
1861 2365 2161 2428 morbum
2224 2364 2397 2428 solet

374 2452 628 2517 dicere?
685 2455 754 2516 at
806 2451 909 2516 illi
961 2451 1184 2516 dicunt
1224 2450 1459 2527 πάθος.
1558 2449 1659 2515 Sit
1710 2452 1915 2535 igitur
1965 2452 2393 2536 perturbatiO,
2424 2479 2487 2519 25

375 2563 538 2625 quae
590 2540 851 2604 nomine
904 2539 1047 2623 ipso
1102 2539 1344 2604 vitiosa
1400 2540 1711 2603 declarari
1763 2539 2019 2604 videtur
2074 2541 2219 2622 [nec
2278 2562 2394 2605 eae

372 2628 897 2712 perturbationes
942 2627 1008 2692 vi
1055 2627 1272 2710 aliqua
1316 2627 1600 2691 naturali
1644 2629 2032 2708 moventur}
2123 2627 2392 2693 Omnes-

373 2739 494 2800 que
541 2738 653 2781 eae
700 2719 852 2781 sunt
897 2735 1130 2799 genere
1177 2718 1515 2799 quattuor,
1558 2716 1853 2797 partibus
1890 2716 2138 2800 plures,
2184 2717 2395 2800 aegri-

370 2804 547 2887 tud0,
583 2802 881 2903 formido,
918 2802 1138 2884 libido,
1175 2824 1491 2909 quamque
1530 2801 1731 2867 Stoici
1769 2804 2093 2867 communi
2124 2805 2391 2869 nomine

373 2891 662 2973 corporis
709 2895 777 2954 et
821 2891 1023 2953 animi
1067 2885 1329 2991 ἡὸορήν
1368 2890 1725 2973 appellant,
1775 2911 1896 2990 ego
1935 2891 2108 2956 malo
2154 2892 2389 2957 laeti·
2418 2918 2480 2959 so
2592 2910 2594 2923 ¹

370 2978 561 3041 tiam
607 2978 960 3061 appellare,
1019 2977 1205 3059 quasi
1251 2978 1589 3061 gestientis
1638 2978 1839 3042 animi
1886 2978 2233 3043 elationem
2276 3001 2391 3044 vo-

371 3065 739 3148 luptariam.
855 3063 1383 3129 Perturbationes
1451 3068 1665 3129 autem
1736 3066 1916 3130 nulla
1976 3071 2251 3131 naturae
2319 3069 2389 3133 vi

371 3155 883 3234 commoventur,
940 3152 1283 3235 omniaque
1331 3174 1409 3216 ea
1454 3156 1607 3217 sunt
1653 3155 1987 3235 opiniones
2033 3176 2109 3220 ac
2151 3155 2393 3220 iudicia

369 3240 674 3305 levitatis.
765 3237 992 3323 Itaque
1045 3239 1147 3303 his
1195 3241 1449 3323 sapiens
1499 3262 1753 3324 semper
1795 3242 2068 3307 vacabit.

263 3306 346 3431 ἐξ
503 3326 709 3392 0111116
757 3330 999 3411 autem,
1059 3328 1228 3410 quod
1273 3328 1618 3393 honestum
1664 3330 1775 3406 sit,
1820 3329 1888 3394 id
1934 3351 2076 3394 esse
2119 3333 2389 3413 propter
2416 3356 2475 3398 35

370 3436 438 3479 se
503 3414 954 3498 expetendum,
1017 3435 1353 3479 commune
1415 3416 1603 3481 nobis
1667 3420 1769 3480 est
1831 3438 1977 3481 cum
2031 3418 2384 3481 multorum

369 3502 642 3566 aliorum
691 3502 1224 3586 philosophorum
1272 3503 1629 3569 sententiis,
1717 3503 1987 3568 Praeter
2030 3506 2204 3570 enim
2248 3512 2386 3571 tres
