2609 3884
367 165 523 220 XXX
990 161 1417 219 ADNOTATIO
1456 162 1760 220 CRITICA.

366 325 490 380 laus
535 323 706 378 adiun
751 323 900 378 'tur'.
982 322 1124 376 Mihi
1167 322 1397 376 minime
1444 321 1647 376 mirum
1690 322 1914 377 videtur
1947 322 2045 376 uni
2093 323 2256 378 laudi
2294 326 2395 392 (ni-

367 396 572 449 mirum
607 395 702 448 lau
744 411 774 448 e
812 393 1014 463 dignus
1045 395 1154 460 est,
1194 394 1315 462 qui,
1356 409 1497 460 quae
1535 394 1679 446 alter
1715 394 1829 448 dici
1852 393 2056 448 Latine
2081 411 2247 463 posse
2282 413 2397 450 non

369 466 776 532 arbitrabatur,
818 464 1021 519 Latine
1069 465 1235 532 dixit)
1284 463 1515 533 adiungi
1558 463 1797 518 alteram
1832 463 2105 518 maiorem
2149 482 2254 534 per
2299 483 2397 520 nec

368 538 577 602 minue,
613 534 650 589 i.
689 551 737 589 e.
774 539 825 589 et
859 536 1075 603 quidem
1109 550 1223 588 non
1256 535 1455 589 minue.

510 608 576 660 In
603 605 1142 660 Tusculanarum
1179 604 1729 673 disputationum
1766 604 2088 659 recensione
2118 623 2397 661 summam

369 695 489 733 esse
517 675 912 732 auctoritatem
941 675 1197 730 codicum
1225 673 1522 729 Gudiani
1559 677 1617 728 et
1651 674 1854 744 Regii
1878 675 2118 730 Parisini
2155 679 2396 731 constat.

368 749 536 802 Illum
579 748 711 816 post
753 745 1040 800 Halmium
1086 744 1515 814 diligentissime
1562 745 1806 799 excussit
1853 746 2029 800 Maur.
2070 746 2397 816 Seyffertus.

368 819 486 874 Nos
522 817 670 872 infra
707 833 774 870 ex
811 815 1091 870 editorum
1125 832 1359 870 numero
1394 815 1683 870 nominare
1722 816 1963 870 solemus
2008 819 2233 884 praeter
2266 817 2398 871 Bai-

366 892 552 944 terum
589 886 945 956 Seyffertum,
981 886 1245 940 Heinium
1271 886 1401 964 ‘(ed.
1438 887 1491 939 II
1526 902 1575 943 a.
1615 888 1803 956 1873),
1856 886 2131 941 Sorofium
2166 888 2280 956 (ed.
2316 889 2401 943 VI

369 977 419 1014 a.
463 961 640 1027 1872).

509 1030 569 1083 Ρ.
599 1034 719 1084 279.
752 1033 815 1082 11
853 1027 1040 1081 Annis
1074 1027 1289 1097 [enim]
1338 1025 1483 1080 Bait.
1534 1027 1617 1082 ed.
1657 1026 1747 1082 Or.
1787 1043 1818 1080 e
1856 1029 1977 1082 cod.
2015 1026 2180 1082 Brux.
2219 1028 2398 1083 inter-

368 1101 579 1171 polato.
635 1129 705 1141 —
757 1097 821 1150 P.
869 1103 990 1152 279.
1041 1102 1105 1151 15
1166 1098 1509 1167 Quamquam
1562 1102 1639 1152 est
1692 1099 1860 1151 enim
1922 1098 2175 1166 Seyffert.
2226 1099 2401 1153 simili

371 1186 556 1226 errore
603 1169 746 1236 eius,
795 1183 961 1236 quem
1005 1168 1198 1222 notavi
1240 1167 1300 1222 in
1345 1168 1498 1221 Lael.
1545 1186 1601 1237 p.
1648 1173 1778 1235 4153
1828 1168 1897 1222 cf.
1934 1169 2027 1223 hic
2075 1187 2131 1238 p.
2173 1175 2297 1224 148.
2330 1177 2401 1225 30

371 1257 518 1309 sqq.,
555 1246 677 1294 346.
716 1244 783 1294 32
822 1255 969 1307 sqq„
1016 1239 1174 1292 Verr.
1212 1237 1265 1292 V
1310 1243 1394 1292 34.
1436 1244 1502 1293 89
1550 1239 1656 1292 cet.
1702 1269 1775 1280 —-
1816 1237 1879 1292 P.
1920 1245 2040 1294 279.
2079 1246 2149 1294 33
2186 1241 2403 1310 aliquot

371 1317 498 1367 ante
533 1325 752 1377 annos,
798 1307 1056 1363 certatim
1101 1310 1416 1364 correctum
1462 1309 1535 1363 ab
1582 1307 1889 1362 editoribus
1935 1311 1994 1363 et
2034 1311 2403 1366 vehementer

373 1383 718 1450 suspectum,
754 1381 948 1433 tamen
981 1377 1140 1433 nolui
1165 1380 1520 1448 attemptare.
1576 1379 1722 1433 Nam
1756 1379 2034 1446 siquidem
2060 1379 2222 1435 Corn.
2252 1381 2399 1450 Nep.

370 1452 501 1508 XIV
540 1457 623 1506 11.
654 1457 686 1505 2
726 1449 868 1504 dixit
903 1455 1030 1505 ante
1067 1451 1277 1519 aliquot
1312 1451 1427 1504 dies
1461 1451 1609 1504 venit
1646 1452 1705 1502 et
1726 1447 1933 1504 Cicero
1978 1468 2083 1519 pro
2136 1452 2189 1505 S.
2228 1452 2400 1506 Rosc.

371 1529 456 1577 44.
491 1529 591 1577 128
629 1522 838 1590 aliquot
865 1525 994 1588 post
1019 1535 1220 1575 menses
1246 1521 1454 1575 occisus
1489 1525 1590 1586 est,
1629 1519 1877 1574 dubitari
1912 1523 2126 1589 potest,
2164 1539 2239 1576 an
2284 1523 2403 1576 iam

373 1593 566 1648 Cicero
603 1591 908 1659 aliquando
940 1590 1144 1645 dixerit
1171 1591 1383 1660 aliquot
1409 1595 1535 1646 ante
1561 1605 1737 1645 annos
1766 1593 2054 1647 recusavit.
2083 1622 2153 1632 -
2179 1590 2243 1644 Ρ.
2275 1599 2399 1648 280.

370 1670 440 1718 36
496 1678 742 1732 operam,
796 1660 946 1729 quod
993 1662 1081 1715 est
1123 1661 1185 1716 in
1229 1661 1393 1714 codd.
1440 1662 1573 1715 ante
1618 1661 1893 1727 dedimus,
1940 1678 2066 1715 cum
2113 1662 2403 1731 plerisque

372 1733 680 1788 editoribus
727 1731 915 1785 delere
960 1731 1139 1785 malui
1184 1746 1353 1799 quam
1400 1730 1731 1799 Sey-ffertum
1777 1733 1998 1786 secutus
2045 1748 2266 1801 operam
2300 1736 2403 1788 im-

366 1805 660 1875 pendimus
695 1802 937 1857 scribere
975 1804 1097 1870 aut,
1135 1801 1287 1871 quod
1327 1801 1462 1856 olim
1496 1800 1639 1855 mihi
1673 1801 1735 1856 in
1766 1805 2014 1858 mentem
2050 1805 2299 1870 venerat,
2338 1807 2407 1858 in

369 1892 482 1945 qua
518 1874 900 1929 exercitatione
935 1889 1154 1941 operam
1199 1873 1473 1938 dedimue,
1518 1871 1611 1926 vel
1659 1875 1891 1942 propter
1924 1889 2039 1928 nos.
2078 1903 2148 1914 -
2182 1874 2246 1927 P.
2276 1880 2403 1929 282.

371 1952 408 1999 4
453 1961 661 1999 amnem
707 1943 776 1996 de
822 1941 1154 1997 Buecheleri
1198 1942 1481 1997 sententia
1522 1943 1793 1997 Ribbeck.
1838 1942 1945 1997 inc.
1994 1945 2139 2012 trag.
2194 1945 2402 2014 stagm.

373 2019 474 2069 111
513 2031 569 2082 p.
609 2018 740 2080 251,
787 2027 989 2082 aquam
1033 2012 1194 2065 codd.
1244 2015 1303 2067 et
1349 2012 1533 2080 editt,
1585 2019 1785 2082 aqu'am
1819 2014 2047 2069 Lachm.
2086 2044 2155 2054 —
2190 2012 2253 2067 P.
2294 2022 2403 2071 282

374 2090 438 2140 11
477 2083 898 2138 Demosthenem
934 2080 1080 2135 Bait.
1111 2082 1196 2137 ed.
1226 2082 1503 2148 Tauchn.;
1542 2083 1609 2137 cf.
1638 2103 1693 2153 p.
1723 2091 1842 2140 367.
1873 2091 1971 2154 26,
2008 2091 2127 2139 392.
2159 2092 2245 2154 36,
2274 2093 2401 2142 412.

374 2161 470 2222 11,
507 2157 626 2208 458.
657 2158 743 2207 22.
781 2181 851 2193 —
885 2151 949 2206 P.
979 2158 1101 2208 283.
1133 2157 1166 2206 5
1199 2151 1348 2222 Quid
1374 2153 1631 2209 tandem?
1668 2171 1781 2210 non
1814 2154 1959 2211 bene
1993 2156 2220 2210 videtur
2250 2155 2401 2210 Bait.

370 2223 777 2292 Wesenbergio
807 2224 1034 2277 auctore
1061 2224 1309 2277 mutasse
1341 2223 1401 2278 in
1432 2225 1543 2294 Qui
1578 2225 1836 2281 tandem?
1891 2227 2226 2296 Interrogat,
2264 2225 2405 2294 quid

370 2294 781 2352 inconsiderate
821 2292 1040 2348 dixerit.
1071 2324 1138 2335 —
1165 2292 1228 2346 P.
1259 2300 1379 2348 283.
1412 2301 1442 2349 'l
1483 2300 1599 2349 tum
1622 2313 1739 2350 non
1767 2313 1889 2349 sum
1926 2313 2091 2350 ausus
2126 2299 2193 2351 ut
2227 2297 2406 2366 pleri-

371 2382 480 2435 que
536 2365 782 2421 editores
834 2364 1041 2420 delere.
1131 2365 1207 2418 Et
1252 2365 1506 2433 quodam·
1541 2367 1711 2420 modo
1758 2366 2020 2421 similiter
2062 2383 2167 2421 nec
2216 2367 2407 2421 minus

369 2436 677 2492 insolenter
723 2434 929 2489 dicitur
972 2453 1028 2504 p.
1057 2439 1178 2490 285.
1211 2441 1242 2489 9
1282 2452 1402 2504 sqq.
1452 2436 1600 2505 Quia
1636 2466 1706 2477 —
1740 2438 1825 2492 ita
1870 2440 1929 2492 et
1972 2437 2105 2492 fam.
2153 2437 2285 2492 XIII
2332 2445 2404 2493 70

374 2509 523 2580 Quia
565 2538 638 2548 -
681 2507 762 2562 sic
813 2507 904 2574 fit,
949 2523 1054 2562 nec
1108 2505 1373 2561 usitatius
1427 2506 1584 2561 Verr.
1621 2507 1647 2560 I
1694 2512 1777 2562 25.
1820 2513 1886 2562 65
1940 2524 2022 2574 se,
2076 2524 2217 2563 cum
2268 2524 2409 2564 suae

366 2585 559 2650 partes
595 2583 764 2635 essent
797 2577 1070 2648 hospitum
1119 2577 1581 2650 recipiendorum,
1625 2582 1757 2633 tum
1800 2579 1949 2647 ipsos
1992 2583 2208 2634 tamen
2233 2596 2409 2648 prae-

370 2656 512 2706 tores
547 2655 596 2706 et
631 2650 902 2716 consules,
937 2664 1052 2704 non
1100 2649 1400 2718 leqatorum
1437 2649 1694 2716 asseclas,
1743 2651 1978 2718 recipere
2010 2651 2190 2705 solere.
2231 2680 2298 2689 —
2334 2649 2403 2704 P.

372 2726 494 2774 283.
524 2725 592 2774 28
635 2722 733 2788 qui
776 2721 904 2775 nati
947 2735 1062 2774 non
1105 2721 1246 2774 sint
1282 2748 1350 2759 -—
1388 2721 1485 2788 qui
1527 2719 1731 2774 mortui
1774 2725 1932 2774 sunt
1978 2719 2169 2786 codd.,
2217 2719 2404 2788 Seyff.,

370 2791 574 2845 mortui
637 2791 778 2844 sint
837 2789 1018 2857 vulg.‚
1073 2789 1170 2843 vix
1229 2789 1624 2859 probabiliter,
1678 2807 1791 2844 non
1843 2789 2013 2844 modo
2064 2791 2405 2859 necessario,

370 2860 463 2915 vel
499 2860 731 2927 propter
775 2858 916 2912 Esse
959 2874 1084 2928 erqo
1128 2874 1214 2913 eos
1258 2860 1429 2923 ‹licis;
1475 2859 1544 2912 cf.
1584 2860 1659 2914 ad
1708 2879 1763 2930 p.
1805 2866 1924 2916 106.
1954 2865 2040 2915 35.
2079 2891 2149 2900 -
2183 2860 2245 2915 P.
2278 2867 2405 2916 283.

373 2935 441 2985 35
477 2930 609 2999 post
656 2927 878 2996 Capena
923 2927 1222 2998 editioneS,
1261 2931 1326 2982 ut
1368 2927 1621 2997 videtur,
1670 2947 1860 2986 omnes
1908 2947 2125 2986 comma
2168 2931 2407 3000 habent,

373 2999 534 3068 quasi
567 3015 701 3054 vero
738 3000 848 3053 hoc
886 2998 1209 3067 quaeratur,
1255 3000 1479 3066 quando
1518 3002 1616 3054 aut
1650 3001 1749 3055 ubi
1782 3001 2018 3056 miseros
2053 3003 2219 3070 putet
2252 3001 2408 3056 illos..

371 3070 534 3124 Talia
588 3069 754 3139 plura
799 3068 1032 3136 novavi,
1088 3069 1261 3122 semel
1315 3070 1375 3123 in
1427 3069 1636 3124 illustri
1683 3072 1939 3140 exemplo
1984 3075 2209 3126 notasse
2263 3073 2412 3126 satis-

370 3141 572 3195 habe0.
613 3172 679 3181 —
716 3138 780 3192 P.
811 3144 930 3194 284.
961 3145 1030 3195 26
1076 3139 1174 3210 [in
1217 3139 1369 3210 vita]
1416 3157 1542 3194 cum
1588 3141 1712 3211 alii,
1767 3144 1889 3195 tum
1933 3141 2169 3210 Baiter.,
2218 3143 2405 3212 Hein.,

372 3212 491 3268 Sor.
523 3242 588 3253 -
618 3210 679 3265 P.
709 3215 830 3267 285.
862 3215 893 3266 5
923 3215 1026 3276 est,
1051 3210 1266 3266 maiora
1291 3212 1485 3266 molior
1511 3211 1656 3266 Bait.
1696 3213 1781 3267 ed.
1809 3212 2060 3267 Tauchn.
2090 3243 2156 3253 —
2185 3212 2249 3267 P.
2278 3217 2403 3268 285.

375 3290 439 3337 11
470 3287 600 3352 post
634 3287 854 3337 mortem
887 3280 1100 3336 Cobeto
1138 3281 1367 3336 auctore
1402 3283 1561 3337 uncis
1597 3283 1729 3337 incl.
1758 3281 1901 3336 Bait.
1934 3283 2019 3337 ed.
2052 3282 2301 3337 Tauchn.
2332 3315 2411 3324 —

371 3353 433 3408 P.
483 3359 604 3408 286.
645 3358 710 3407 17
767 3353 1051 3408 declarant
1084 3353 1321 3408 'nomina
1375 3352 1541 3421 Seyff.
1556 3395 1569 3421 ,
1616 3353 1777 3406 Hein.
1792 3393 1805 3420 ,
1864 3353 2040 3408 Sorof.
2056 3396 2070 3421 ,
2117 3354 2414 3408 declarant-

373 3438 568 3478 nomen
615 3421 804 3492 codd.,
851 3424 1095 3479 declarat
1148 3439 1343 3478 nomen
1395 3423 1573 3491 vulg.‚
1627 3421 1773 3476 Bait.
1819 3452 1890 3464 -
1934 3422 1997 3475 P.
2038 3427 2158 3478 286.
2200 3429 2265 3478 18
2320 3442 2401 3492 sq.

373 3494 459 3565 [et
504 3494 775 3550 animosos
821 3523 894 3535 -
939 3509 1005 3578 ea
1053 3494 1230 3548 animi
1272 3491 1573 3562 sententia]
1620 3509 1747 3547 cum
1802 3491 1927 3562 alii,
1982 3494 2106 3546 tum
2148 3491 2294 3546 Bait.
2346 3497 2409 3548 et
