2609 3884
818 148 920 202 AD
929 147 1250 204 NOTATIO
1291 148 1595 204 CRITICA.
2067 153 2223 208 XVII

187 311 258 365 in
301 313 454 364 motu
495 307 773 378 voluptas,
816 309 882 362 ut
925 309 990 364 in
1031 313 1182 363 motu
1228 307 1531 363 divellatur
1566 325 1601 362 a
1635 309 1815 365 verbo.
1844 325 1953 366 esse
2001 310 2221 366 intelle-

191 381 470 450 gaturque
506 374 542 446 ἡ
583 374 646 434 ἐν
683 375 968 448 κινήσει’;
1005 378 1331 447 quasivero
1359 379 1647 449 voluptas,
1682 395 1811 434 eum
1848 381 1922 434 sit
1956 379 2017 434 in
2043 383 2220 450 motu,

191 467 309 504 non
362 448 439 505 sib
489 448 551 502 in
593 452 751 504 motu
805 450 1082 518 voluptas.
1157 447 1238 503 Cf.
1275 466 1331 517 p.
1374 455 1489 505 151.
1530 455 1598 505 28
1642 450 1707 504 in
1750 456 1899 504 motu
1943 457 2006 506 ut
2055 454 2145 520 cita
2174 458 2225 507 et

191 521 372 588 faciat
408 519 552 590 (ipsa
587 521 873 588 voluptas)
921 521 1165 588 aliquam
1199 521 1531 573 varietatem.
1579 551 1645 560 -
1686 520 1747 575 P.
1792 527 1910 576 126.
1940 528 1971 576 9
2011 539 2090 590 sq.
2129 537 2219 577 vo-

194 594 448 646 luerunt
484 589 601 644 cod.
643 591 716 656 A,
764 589 934 657 Bait„
982 590 1290 645 voluerint
1332 589 1405 657 Β,
1450 590 1663 657 Madv.;
1709 591 1861 658 quod
1904 591 1955 645 si
1999 592 2222 662 scripsit

197 662 418 729 Cicero,
457 660 575 718 sine
613 659 782 716 dubio
824 660 929 715 ‘ad
955 661 1102 715 hanc
1132 676 1353 729 quoque
1384 662 1607 729 partem
1637 660 1905 715 orationis
1940 661 2221 730 pertinere

194 733 313 787 vim
351 730 662 785 sententiae
697 730 993 800 pendentis
1029 733 1090 786 et
1131 733 1357 784 tantum
1403 731 1719 799 cogitatae'
1768 731 1976 799 voluit3
2028 734 2126 787 sed
2162 733 2225 786 id

194 803 280 857 iba
312 801 559 856 voluisse
595 803 746 856 certe
785 801 1043 856 codicum
1077 800 1122 854 B
1163 802 1220 855 et
1255 800 1369 854 Erl.
1408 800 1715 855 auctoritas
1755 818 1870 856 non
1904 803 2222 871 persuadet,

197 888 541 941 quamquam
566 873 676 927 hac
701 872 764 926 in
788 888 850 926 re
879 872 1135 928 codicum
1164 872 1413 925 omnium
1439 871 1597 926 nulla
1626 874 1713 925 est
1737 871 1890 927 fidae.
1947 871 2026 926 cf.
2058 873 2133 928 ad
2167 891 2222 942 p.

199 949 321 999 106.
352 946 439 997 35.
469 971 534 980 ——
563 941 624 997 P.
656 947 772 997 126.
805 949 867 996 11
899 943 1258 1011 philosophus
1293 943 1391 1010 qui
1425 942 1653 1008 futurus
1686 943 1761 996 eit
1796 942 1920 996 cod.
1955 945 2024 1012 A,
2061 943 2222 1012 Bait„

191 1014 296 1083 qui
328 1013 562 1078 futurae
595 1012 669 1067 sit
713 1013 1068 1081 philosophus
1105 1012 1176 1079 B,
1213 1013 1400 1065 Madv.
1440 1043 1507 1052 —-
1545 1011 1605 1065 P.
1640 1016 1757 1066 126.
1792 1018 1856 1066 17
1894 1027 2002 1067 ecee
2038 1013 2223 1068 delen·

195 1085 333 1137 dum
371 1084 473 1136 aut
507 1098 601 1150 eqo
637 1083 988 1137 scribendum
1027 1084 1184 1137 ratus
1219 1081 1467 1151 Madvig.
1507 1081 1683 1163 [esse]
1724 1082 1951 1152 scripsit
1986 1099 2223 1152 eumque

196 1155 422 1208 secutus
464 1152 606 1207 Bait.
646 1153 731 1207 ed.
767 1153 849 1220 Π,
884 1153 1023 1207 item
1062 1153 1174 1207 div.
1199 1153 1255 1207 H
1283 1157 1369 1207 50.
1402 1157 1521 1207 103.
1577 1152 1703 1207 V1d.
1732 1153 1807 1206 ad
1838 1171 1894 1222 p.
1927 1159 2008 1207 13.
2042 1159 2125 1210 13.
2157 1185 2225 1194 -

195 1224 260 1278 P.
295 1229 412 1278 127.
446 1228 513 1277 10
550 1224 890 1278 excrucietur
926 1223 1048 1279 cod.
1087 1222 1160 1292 B,
1196 1223 1415 1290 Madv.,
1454 1223 1725 1278 crucietur
1760 1222 1835 1290 A,
1874 1222 2018 1279 Bait.
2058 1253 2125 1264 —
2162 1223 2223 1280 P.

199 1298 320 1349 128.
344 1300 374 1348 7
404 1294 548 1348 enim
573 1299 651 1348 est
678 1293 800 1348 cod.
828 1293 894 1360 A,
927 1293 1090 1360 Bait„
1118 1298 1196 1348 est
1221 1295 1365 1348 enim
1391 1293 1453 1360 Β,
1481 1293 1668 1347 Madv.
1701 1323 1767 1332 —-
1794 1293 1854 1346 P.
1898 1299 2014 1348 128.
2044 1299 2113 1348 35
2144 1312 2225 1362 sq.

198 1365 433 1433 quidque
467 1365 543 1418 sit
579 1365 700 1418 cod.
738 1365 810 1430 B,
849 1364 1064 1432 Madv.,
1111 1365 1186 1418 sit
1229 1364 1465 1433 quidque
1499 1363 1575 1431 A,
1621 1362 1767 1419 Bait.
1806 1393 1874 1403 —
1910 1363 1970 1417 P.
2004 1370 2121 1420 130.
2157 1370 2227 1420 28

198 1435 492 1504 intelleyit
529 1434 718 1501 codd,
755 1433 974 1502 Madv.‚
1009 1435 1345 1502 intelleyam
1389 1433 1569 1503 vulg„
1614 1433 1762 1489 Bait.
1811 1464 1879 1473 —
1923 1434 1985 1489 P.
2035 1440 2155 1488 131.
2194 1442 2225 1489 3

201 1507 354 1560 edint
396 1506 461 1559 de
499 1505 709 1572 patella
752 1506 930 1559 verba
965 1504 1106 1558 mihi
1145 1503 1280 1558 olim
1316 1503 1441 1558 visa
1486 1505 1616 1557 sunt
1659 1520 1690 1558 e
1739 1503 1982 1559 carmine
2034 1505 2225 1573 aliquo

201 1576 306 1629 aut
339 1575 632 1643 proverbio
669 1576 857 1629 sumta
895 1577 952 1629 et
986 1574 1249 1630 videntur
1285 1573 1458 1629 etiam
1494 1591 1666 1641 nunc,
1706 1575 1815 1628 etsi
1848 1575 2033 1629 Madv.
2072 1577 2225 1629 certo

204 1643 316 1698 scit
349 1644 558 1698 nullam
595 1661 716 1699 9339
756 1661 999 1700 causam.
1030 1675 1098 1685 -
1124 1645 1186 1699 P.
1227 1651 1347 1700 132.
1389 1649 1480 1712 15,
1531 1644 1668 1697 item
1710 1650 1827 1699 133.
1868 1650 1927 1710 5,
1978 1650 2097 1701 157.
2140 1652 2227 1713 32,

205 1720 328 1768 373.
360 1719 391 1769 6
421 1730 738 1783 acupenser
774 1715 974 1786 scripsi
999 1715 1280 1770 Klotzium
1310 1717 1450 1784 (pro.
1478 1731 1534 1784 p.
1562 1715 1687 1784 XII)
1718 1717 1776 1768 et,
1801 1715 1862 1769 L.
1891 1715 2228 1768 Muellerum

204 1787 422 1840 secutus
458 1783 632 1841 Lucil.
669 1804 724 1855 p.
765 1791 870 1841 208
947 1802 1011 1840 ro
1045 1787 1208 1854 acip.
1275 1784 1450 1839 Codd.
1479 1784 1572 1838 vel
1610 1786 1793 1839 accub.
1825 1785 1919 1839 vel
1956 1787 2128 1854 accip.
2157 1807 2229 1826 —·-

202 1856 262 1913 P.
296 1861 413 1910 132.
443 1861 509 1910 21
540 1857 760 1911 secrevit
787 1856 894 1911 cod
936 1898 948 1910 .
977 1858 1038 1910 et
1063 1855 1209 1910 Bait.
1241 1886 1309 1895 —
1340 1855 1401 1909 P.
1436 1861 1553 1910 133.
1584 1861 1652 1909 22
1690 1856 1833 1909 enim
1868 1853 2015 1909 Bait.
2044 1871 2075 1909 e
2104 1855 2226 1911 cod.

200 1928 269 1993 A,
297 1926 484 1982 Madv.
522 1925 628 1980 sic:
667 1928 1037 1982 concedamus.
1113 1926 1418 1981 contemnit
1452 1927 1580 1980 diss,
1618 1925 1972 1995 eleyantiam;
2007 1927 2230 1994 confuse

200 1998 476 2066 loquitwr;
511 1998 776 2066 qen-endas
813 2028 898 2052 -.
937 2029 1004 2038 —
1041 1996 1104 2052 P.
1145 2002 1266 2052 134.
1306 2001 1374 2050 18
1421 2012 1535 2051 nou
1578 1995 1643 2051 id
1678 1995 1801 2050 cod.
1836 1995 1913 2063 A,
1958 1995 2130 2064 Bait„
2166 1998 2230 2052 id

198 2083 314 2122 non
341 2066 404 2136 B,
431 2066 619 2121 Madv.
651 2098 718 2106 —
746 2067 807 2124 P.
840 2073 958 2122 136.
988 2074 1023 2121 4
1050 2068 1215 2121 simul
1241 2071 1319 2121 est
1344 2071 1541 2133 ortum,
1576 2071 1627 2121 et
1654 2066 1797 2123 coni.
1826 2067 2030 2134 Madv„
2068 2067 2227 2122 codd.

199 2139 366 2193 simul
410 2142 461 2192 et
504 2141 683 2192 ortum
727 2143 803 2204 et,
854 2138 980 2194 edd.
1014 2138 1181 2192 simul
1215 2142 1266 2191 et
1300 2139 1423 2208 (aut
1457 2137 1595 2208 [et])
1632 2142 1811 2192 ortum
1845 2142 1949 2202 est,
1988 2143 2052 2192 et.
2146 2136 2226 2191 Cf.

201 2227 254 2278 p.
286 2213 408 2264 245.
443 2212 526 2262 12.
565 2238 631 2247 -
669 2207 730 2262 Ρ.
763 2214 880 2263 136.
911 2214 944 2263 9
981 2213 1114 2262 tunc
1149 2208 1270 2262 cod.
1310 2209 1361 2261 A
1397 2208 1455 2262 et
1489 2207 1632 2262 Bait.
1672 2238 1740 2247 —-
1777 2206 1837 2260 P.
1859 2213 1989 2280 ἱ138.
2020 2212 2052 2261 5
2090 2209 2232 2262 inest

203 2279 326 2333 cod.
353 2277 432 2345 A,
469 2275 643 2345 Bait„
679 2283 758 2332 est
784 2279 854 2344 B,
891 2277 1079 2332 Madv.
1120 2309 1186 2317 —
1223 2277 1284 2331 P.
1317 2283 1437 2334 138.
1469 2284 1533 2332 13
1569 2279 1645 2332 ad
1671 2278 1841 2332 intell.
1871 2283 1921 2331 et
1948 2278 2033 2332 ad
2068 2293 2228 2347 aye-n-

203 2351 334 2403 dum
367 2349 525 2416 Em„
563 2348 777 2417 Madv.‚
815 2347 985 2416 Bait„
1021 2348 1263 2402 forbasse
1299 2365 1461 2414 vere3
1501 2349 1599 2402 sed
1634 2365 1688 2402 v.
1726 2347 1801 2402 ad
1836 2365 1889 2416 p.
1925 2353 2006 2401 10.
2036 2354 2119 2402 20.
2162 2379 2228 2388 --

201 2419 262 2474 P.
296 2425 412 2473 139.
447 2424 513 2473 10
549 2419 679 2473 dein
716 2419 836 2473 eod.
874 2417 951 2486 A,
1003 2417 1175 2486 Bait„
1221 2419 1415 2473 deinde
1461 2420 1530 2486 Β,
1578 2418 1766 2472 Madv.
1804 2449 1872 2458 —
1908 2417 1969 2472 P.
2003 2423 2124 2473 139.
2161 2425 2229 2472 32

202 2491 303 2544 aut.
338 2505 445 2558 quo
479 2489 665 2555 modo,
700 2490 751 2543 is
785 2491 884 2559 qui
921 2520 989 2529 —
1024 2489 1185 2544 habet
1220 2519 1286 2529 —-
1324 2490 1461 2555 vim,
1501 2489 1749 2556 populus
1784 2503 1905 2542 cum
1940 2488 2055 2542 illis
2090 2489 2230 2554 facit

201 2561 303 2614 aut
348 2574 454 2628 quo
498 2559 656 2614 modo
699 2561 777 2626 is,
821 2561 919 2628 qui
955 2589 1022 2599 —
1057 2559 1193 2626 vim,
1231 2560 1503 2629 populu-3,
1548 2574 1671 2613 cum
1704 2559 1820 2611 illis
1855 2558 1995 2622 facit
2031 2557 2228 2611 distin-

200 2629 514 2700 guendum,
547 2646 685 2695 non,
721 2631 788 2683 ut,
822 2630 995 2699 vulgo
1033 2629 1201 2684 solet:
1237 2630 1318 2695 is,
1352 2630 1449 2698 qui
1476 2658 1544 2667 -·
1570 2630 1708 2694 vim,
1734 2628 1982 2698 populue
2016 2643 2059 2681 c.
2090 2628 2128 2684 i.
2166 2629 2230 2694 fi,

201 2701 342 2755 item
377 2716 432 2769 p.
466 2704 582 2755 132.
614 2705 642 2753 1
683 2702 782 2754 aut
818 2701 937 2766 ille,
973 2701 1070 2769 qui
1105 2700 1392 2765 audierat,
1427 2698 1683 2765 Laelius,
1720 2713 1778 2752 eo
1812 2698 1993 2752 dietus
2028 2703 2106 2752 est
2132 2700 2232 2752 aut,

200 2772 294 2826 ille
338 2771 438 2839 qui
482 2800 549 2810 --
598 2772 880 2837 audierat,
924 2761 1154 2826 Laelius
1196 2786 1256 2825 eo
1299 2770 1479 2825 dictus
1523 2773 1615 2824 eet.
1689 2766 1770 2824 cf.
1807 2784 1863 2837 p.
1908 2773 1995 2823 22.
2025 2773 2091 2822 19
2130 2786 2230 2837 sq„

199 2846 288 2896 53.
319 2846 405 2907 15,
437 2846 554 2895 116.
588 2846 654 2895 1ο
687 2858 787 2910 sq„
817 2847 939 2896 241.
968 2847 1000 2895 3
1030 2858 1130 2910 sq„
1158 2846 1279 2896 290.
1312 2846 1360 2909 7,
1390 2845 1509 2896 356.
1538 2845 1605 2894 37
1636 2856 1753 2909 sqq.
1785 2841 1890 2892 ete.
1920 2869 1988 2878 -
2015 2838 2077 2894 P.
2110 2844 2229 2893 141.

202 2917 270 2966 19
309 2911 504 2976 velint,
544 2912 642 2981 qui
678 2911 799 2966 cod.
836 2911 904 2978 A,
941 2911 1107 2979 Bait„
1143 2911 1314 2966 velint
1348 2912 1395 2966 ii
1428 2921 1448 2976 (
1518 2915 1564 2977 ),
1600 2913 1700 2980 qui
1735 2908 1799 2978 B,
1836 2909 2024 2964 Madv.
2066 2940 2133 2949 —
2167 2909 2230 2965 P.

202 2987 322 3036 141.
354 2987 422 3036 20
459 2981 526 3036 Si
563 2982 638 3036 ad
669 2983 998 3037 honestatem
1032 2982 1177 3036 enim
1213 2982 1335 3036 cod.
1371 2980 1448 3049 A,
1535 2979 1660 3048 aith,
1712 2979 1781 3036 Si
1814 2981 1958 3034 enim
1996 2980 2071 3034 ad
2105 2981 2230 3034 hon.

195 3052 272 3119 B,
319 3051 507 3107 Madv.
557 3082 635 3118 —‚
669 3052 729 3107 P.
772 3058 890 3107 141.
930 3059 998 3107 36
1045 3067 1160 3107 non
1207 3053 1272 3108 ob
1318 3069 1436 3106 eam
1480 3067 1704 3106 causam
1755 3055 1938 3105 tamen
1989 3050 2109 3104 cod.
2163 3048 2230 3118 A,

193 3121 375 3189 Bait„
413 3128 597 3176 tamen
628 3137 742 3177 non
778 3124 843 3178 ob
881 3139 998 3178 eam
1034 3138 1256 3177 causam
1292 3121 1365 3189 B,
1402 3121 1589 3176 Madv.
1621 3153 1687 3162 -
1715 3121 1777 3175 P.
1812 3127 1930 3175 142.
1961 3126 2029 3175 36
2065 3121 2117 3174 si
2151 3122 2233 3174 vi-

193 3196 419 3249 deretur
453 3194 585 3262 post
616 3195 710 3247 sui
744 3209 776 3248 9
814 3193 986 3248 detor.
1017 3193 1176 3248 codd.
1212 3192 1413 3247 ascivit
1439 3192 1644 3248 Baiter.
1674 3223 1741 3232 —
1770 3190 1831 3245 P.
1866 3196 1981 3245 143.
2019 3194 2052 3243 5
2090 3206 2234 3244 cum

191 3263 379 3318 animi
405 3262 549 3318 Bait.
580 3263 664 3317 ed.
686 3263 817 3318 min.
848 3293 916 3303 -
943 3263 1006 3318 P.
1031 3269 1149 3318 143.
1171 3269 1240 3317 20
1268 3268 1346 3318 est
1370 3264 1501 3331 post
1527 3278 1697 3317 ausus
1722 3261 1783 3316 in
1810 3261 1897 3314 ed.
1922 3260 2071 3327 Tur„
2101 3262 2233 3315 anto

187 3334 386 3388 statim
430 3333 492 3388 in
525 3333 677 3402 Lips.
728 3333 951 3388 addidit
994 3333 1200 3388 Baiter.
1240 3364 1308 3373 —
1345 3332 1405 3386 P.
1438 3339 1557 3386 143.
1596 3339 1663 3388 28
1700 3332 1963 3400 improbo
2001 3329 2125 3385 cod.
2161 3329 2229 3397 A,

191 3403 372 3470 Bait„
409 3405 672 3472 improbe
704 3405 777 3471 B,
814 3404 1002 3458 Madv.
1033 3435 1100 3444 --
1128 3405 1188 3460 P.
1221 3409 1341 3458 143.
1380 3410 1450 3458 30
1486 3419 1598 3457 rem
1635 3434 1701 3442 —
1738 3403 1972 3468 deferre,
2010 3400 2079 3452 de
2118 3415 2230 3466 quo

189 3472 520 3529 dubitatum
557 3490 679 3529 esse
716 3474 900 3544 vide0,
939 3475 1001 3529 in
1035 3475 1365 3530 memoriam
1400 3475 1635 3529 revocat
1668 3472 1811 3527 illud
1857 3487 1967 3525 rem
2003 3474 2231 3531 tentare,

308 3580 418 3622 010.
445 3581 524 3624 1v.
555 3584 591 3622 1.
1860 3559 1897 3611 b
