2609 3884
699 190 942 248 LIB.11.
999 190 1412 260 CAP.11,12.
1466 198 1779 258 §33——38.
2132 191 2257 255 137

223 352 425 417 neadi
469 352 598 417 frui
633 351 972 437 principiis
1008 353 1419 418 naturalibus
1458 357 1631 418 esset
1668 355 2041 419 extremum.
2103 352 2364 438 Epi-12

223 462 426 509 curus
464 444 680 506 autem
719 462 863 505 cum
901 442 971 505 in
1014 442 1230 525 prima
1265 442 1821 517 commendatione
1860 443 2259 526 voluptatem

223 529 531 613 dixisset,
577 530 634 594 si
681 551 851 613 eam,
896 551 1088 614 quam
1124 529 1528 615 Aristippus,
1574 530 1745 594 idem
1786 533 1999 595 tenere
2037 530 2261 596 debuit

222 618 540 681 ultimum
593 618 938 701 bonorum,
994 617 1165 702 quod
1220 618 1359 702 ille3
1415 619 1516 682 sin
1568 640 1738 701 eam,
1798 640 1991 703 quam
2034 617 2260 684 Hiero·

161 730 192 770 5
222 728 507 790 nymus,
551 704 812 770 fecisset
854 705 1053 789 idem,
1097 709 1175 770 ut
1208 707 1611 790 voluptatem
1648 708 1832 771 illam
1880 706 2255 791 [Aristippi]

221 793 302 857 in
346 794 566 878 prima
610 794 1163 860 commendatione
1208 798 1498 878 poneret.

363 968 539 1035 Nam
596 970 766 1054 quod
820 970 916 1035 ait
972 970 1268 1035 sensibus
1323 969 1482 1053 ipsis
1535 970 1806 1034 iudicari
1854 970 2258 1054 voluptatem
2294 989 2365 1038 36

218 1059 479 1123 bonum
535 1080 702 1143 esse,
766 1058 1054 1123 dolorem
1109 1059 1383 1142 malum,
1445 1058 1591 1141 plus
1652 1058 1882 1123 tribuit
1944 1059 2259 1142 sensibus,

221 1169 431 1231 quam
483 1147 671 1211 nobis
715 1147 892 1231 leges
937 1148 1352 1231 permittunt,
1404 1167 1545 1211 cum
1598 1148 1997 1230 privatarum
2041 1148 2259 1211 litium

129 1262 188 1301 10
218 1236 478 1299 iudices
533 1256 772 1299 sumuS.
867 1233 1051 1299 Nihil
1115 1237 1287 1299 enim
1349 1257 1693 1319 possumus
1761 1235 2069 1319 iudicare,
2130 1236 2259 1299 nisi

221 1322 406 1407 quod
453 1326 551 1387 est
592 1324 801 1388 nostri
846 1323 1088 1389 iudicii.
1156 1323 1236 1387 In
1280 1344 1407 1406 quo
1452 1323 1697 1387 frustra
1742 1323 1982 1388 iudices
2026 1324 2256 1405 solent,
2320 1396 2329 1406 ‚

221 1434 384 1476 cum
446 1412 830 1475 sententiam
890 1412 1345 1495 pronuntiant,
1410 1411 1665 1476 addere:
1732 1411 1820 1475 ‘si
1875 1411 2056 1495 quid
2110 1413 2256 1476 mei

218 1498 513 1564 iudicii
560 1499 717 1563 est?
810 1498 880 1565 Si
928 1500 1101 1565 enim
1142 1522 1278 1565 non
1319 1499 1448 1563 fuit
1493 1521 1715 1564 eorum
1758 1500 2003 1583 iudicii,
2049 1499 2255 1563 nihilo

219 1588 446 1671 magis
517 1586 643 1651 hoc
711 1609 845 1651 non
917 1588 1134 1653 addito
1205 1587 1367 1652 illud
1440 1591 1537 1653 est
1604 1587 1974 1652 iudicatum.
2087 1585 2257 1662 Quid

129 1702 187 1742 15
217 1676 522 1740 iudicant
559 1676 829 1740 sensus?
900 1674 1108 1741 Dulce
1146 1698 1464 1759 amarum,
1508 1676 1647 1740 leve
1686 1697 2009 1759 asperum,
2054 1696 2255 1758 prope

217 1766 454 1849 longe,
509 1765 680 1828 stare
726 1784 1010 1849 movere,
1066 1764 1453 1848 quadratum
1506 1763 1873 1828 rotundum.
1963 1762 2256 1846 Aequam
2292 1780 2363 1829 37

218 1853 436 1936 igitur
479 1852 928 1935 pronuntiabit
982 1852 1371 1916 sententiam
1425 1853 1592 1916 ratio
1640 1852 1931 1916 adhibita
1974 1851 2257 1935 primum

222 1940 594 2005 divinarum
638 1940 1194 2025 humanarumque
1230 1962 1447 2005 rerum
1494 1940 1787 2021 scientia,
1833 1961 1995 2023 quae
2038 1942 2259 2023 potest

223 2028 554 2112 appellari
616 2028 741 2092 rite
807 2029 1149 2112 sapientia,
1215 2029 1443 2093 deinde
1508 2028 1827 2093 adiunctis
1889 2027 2258 2111 virtutibus,

131 2143 192 2182 20
223 2138 395 2201 quas
459 2116 629 2181 ratio
692 2138 908 2181 rerum
971 2118 1258 2182 omnium
1323 2116 1639 2195 dominas,
1714 2119 1787 2179 tu
1848 2116 2257 2199 voluptatum

223 2204 550 2269 satellites
624 2208 690 2268 et
762 2206 1095 2269 ministras
1168 2227 1309 2269 esse
1381 2205 1667 2288 voluisti3
1750 2225 2021 2288 quarum
2094 2204 2255 2268 adeo

223 2293 524 2358 omnium
579 2294 900 2357 sententia
953 2292 1405 2377 pronuntiabit
1448 2293 1731 2376 primum
1778 2292 1855 2356 de
1906 2293 2256 2375 voluptate,

221 2381 398 2445 nihil
435 2402 574 2445 esse
612 2382 670 2445 ei
705 2381 858 2465 loci,
892 2402 1024 2446 non
1060 2381 1252 2446 modo
1299 2383 1374 2446 ut
1425 2382 1565 2445 sola
1600 2383 1881 2464 ponatur
1914 2381 1985 2443 in
2020 2379 2289 2444 summi‘

167 2524 172 2526 .
223 2470 391 2534 boni
437 2469 610 2553 sede,
657 2491 852 2553 quam
888 2470 1254 2553 quaerimus
1267 2520 1285 2551 ,
1332 2469 1444 2533 sed
1478 2492 1559 2533 ne
1595 2468 1712 2532 illo
1752 2468 2009 2551 quidem
2045 2467 2256 2547 mod0,

137 2583 195 2624 25
225 2561 306 2623 ut
371 2557 454 2621 ad
515 2557 920 2622 honestatem
984 2558 1361 2641 applicetur.
1466 2556 1565 2622 De
1627 2557 1951 2622 vacuitate
2015 2555 2256 2620 doloris

227 2646 460 2710 eadem
507 2646 825 2710 sententia
871 2646 1011 2710 erit.
1093 2645 1425 2710 Reicietur
1470 2645 1665 2709 etiam
1712 2642 2093 2721 CarneadeS,
2136 2664 2256 2707 nec
2292 2660 2360 2709 38

224 2734 370 2798 ulla
424 2734 502 2797 de
559 2755 811 2798 summo
866 2734 1036 2799 bono
1082 2734 1251 2799 ratio
1299 2737 1413 2798 aut
1456 2732 1815 2816 voluptatis
1863 2754 1995 2796 non
2041 2732 2257 2795 dolen-

228 2822 378 2887 dive
431 2822 757 2905 particeps
813 2823 927 2886 aut
979 2822 1339 2886 honestatis
1386 2844 1613 2905 expers
1663 2821 2063 2904 probabitur.
2153 2820 2257 2884 Ita

225 2910 558 2993 relinquet
620 2910 778 2974 duas
788 2960 807 2993 ,
884 2910 962 2973 de
1028 2910 1259 2994 quibus
1326 2912 1521 2974 etiam
1588 2913 1780 2994 atque
1845 2909 2041 2974 etiam
2106 2930 2257 2973 con-

139 3026 198 3065 so
229 2998 487 3063 sideret.
578 2996 715 3062 Aut
767 2998 938 3062 enim
992 3002 1237 3062 statuet
1278 2997 1446 3063 nihil
1492 3019 1631 3061 esse
1681 2999 1923 3063 bonum
1967 2997 2096 3061 nisi
2140 2996 2255 3061 ho·

225 3090 520 3164 nestum,
581 3085 749 3149 nihil
812 3086 1056 3150 malum
1108 3086 1238 3150 nisi
1290 3090 1506 3170 turpe,
1559 3089 1771 3150 cetera
1824 3088 1938 3149 aut
1992 3084 2255 3150 omnino

225 3174 398 3239 nihil
453 3173 689 3239 habere
744 3175 1054 3238 momenti
1108 3177 1221 3238 aut
1272 3178 1554 3256 tantum,
1605 3178 1680 3239 ut
1736 3196 1855 3239 nec
1902 3172 2257 3257 expetenda

225 3284 351 3328 nec
402 3262 741 3347 fugienda,
795 3262 907 3327 sed
962 3262 1257 3347 eligenda
1311 3262 1500 3327 modo
1559 3266 1673 3326 aut
1725 3262 2049 3327 reicienda
2108 3262 2256 3343 sint,

229 3354 347 3417 aut
385 3354 738 3433 anteponet
774 3372 934 3434 eam,
972 3374 1166 3434 quam
1205 3372 1349 3415 cum
1387 3350 1728 3416 honestate
1757 3350 2256 3431 ornatissimam,

144 3465 198 3507 35
226 3444 374 3505 tum
430 3439 630 3502 etiam
682 3438 842 3522 ipsis
896 3440 1102 3503 initiis
1156 3444 1429 3503 naturae
1485 3442 1551 3502 et
1610 3438 1813 3503 totius
1867 3436 2255 3520 perfectione

227 3528 406 3594 vitae
461 3527 924 3611 locupletatam
970 3527 1232 3591 videbit.
1337 3525 1523 3602 Quod
1568 3548 1644 3591 eo
1688 3524 1996 3609 liquidius
2041 3523 2254 3605 faciet,
