2609 3884
633 158 875 216 LIB.11.
933 158 1087 215 GAP.
1126 164 1372 215 23—25.
1430 164 1461 225 ς
1499 166 1740 215 'lo—81.
2080 156 2207 224 153

161 322 1099 495 sfizssfflsdffifflasfzuzz
1133 310 1795 495 ῗξῗὲιῑιιιὲεξὶᾞι
1809 411 2208 476 1222
2247 427 2313 477 22

649 460 663 474 ·
1628 460 1646 493 ι

166 498 501 579 amicitia,
555 502 630 563 ut
672 499 750 563 fit
793 520 1014 583 saepe,
1065 497 1410 563 defecerit?
1510 497 1991 582 Relinquesne?
2046 520 2209 583 quae

165 588 316 651 ista
378 585 666 652 amicitia
737 585 881 651 est?
995 548 1385 651 'Retinebis‘R
1459 587 1572 671 qui
1644 585 1983 653 convenit?
2056 586 2212 673 quid
2246 624 2274 639 κ

105 700 134 740 5
167 675 359 739 enim
411 674 491 739 de
548 674 836 740 amicitia
891 668 1198 741 statueris
1243 674 1554 739 utilitatis
1600 696 1795 740 causa
1840 675 2212 761 expetenda,

166 764 384 827 vides,
492 760 614 828 Ne
677 764 747 827 in
809 763 1030 828 odium
1092 763 1376 847 veniam,
1438 763 1496 827 si
1561 763 1839 828 amicum
1898 763 2209 829 destitero

165 850 394 917 tueri?
415 850 757 916 Ριιιιιιιιιι
795 870 909 916 cur
952 852 1081 916 ista
1116 872 1221 916 res
1267 850 1469 935 digna
1504 851 1651 916 odio
1691 855 1818 936 est,
1862 851 1995 918 nisi
2039 851 2211 938 quod
2284 886 2325 899 -·

170 943 285 1005 est
327 938 620 1023 turpis?
662 938 933 1019 Quodsi,
976 960 1057 1004 ne
1111 959 1238 1023 quo
1274 940 1683 1005 incommodo
1722 940 2033 1024 afficiare,
2076 961 2210 1006 non

167 1027 506 1111 relinques
582 1028 886 1113 amicum,
957 1030 1206 1112 tamen,
1270 1048 1354 1094 ne
1419 1028 1557 1093 sine
1618 1027 1837 1095 fructu
1900 1028 2209 1112 alligatus

83 1141 138 1180 ιο
171 1116 273 1180 sis
282 1166 301 1199 ‚
355 1119 430 1180 ut
483 1116 826 1200 moriatur,
881 1115 1159 1199 optabis.
1259 1113 1453 1200 Quid,
1508 1116 1567 1181 si
1621 1137 1757 1182 non
1801 1117 1993 1183 modo
2038 1117 2211 1181 utili-

168 1207 389 1269 tatem
441 1203 570 1269 tibi
620 1205 869 1269 nullam
918 1204 1168 1288 afferet,
1221 1204 1335 1269 sed
1386 1205 1673 1270 iacturae
1725 1205 1820 1270 rei
1863 1204 2209 1270 familiaris

172 1295 379 1357 erunt
419 1291 787 1375 faciundae,
839 1292 1099 1357 labores
1155 1292 1571 1375 suscipiendi,
1626 1292 1985 1358 adeundum
2038 1294 2211 1358 vitae

171 1380 588 1465 periculum?
640 1402 724 1446 ne
775 1384 917 1445 tum
969 1380 1230 1463 quidem
1283 1384 1351 1445 te
1404 1381 1709 1464 respicies
1766 1385 1833 1446 et
1890 1382 2212 1466 cogitabis

177 1469 312 1534 sibi
351 1490 666 1554 quemque
699 1472 930 1533 natum
967 1490 1108 1534 esse
1145 1471 1213 1533 et
1245 1468 1381 1533 suis
1409 1468 1897 1570 voluptatibus?
1960 1469 2213 1535 Vadem

88 1582 148 1623 15
177 1562 250 1622 te
317 1557 400 1621 ad
462 1560 740 1623 mortem
794 1559 1078 1641 tyranno
1132 1556 1318 1622 dabis
1376 1578 1495 1641 pro
1552 1558 1787 1640 amico,
1838 1554 1919 1622 ut
1969 1556 2213 1641 Pytha-

113 1666 420 1749 ·goreus
474 1646 589 1710 ille
647 1643 862 1710 Siculo
915 1644 1075 1710 fecit
1127 1644 1455 1729 tyranno?
1521 1649 1661 1729 aut,
1718 1645 2000 1729 Pylades
2066 1667 2206 1714 cum

181 1735 305 1816 sis,
371 1733 542 1817 dices
607 1736 676 1798 te
743 1754 883 1799 esse
939 1731 1238 1816 Oresten,
1300 1736 1377 1798 ut
1430 1734 1709 1798 moriare
1776 1755 1895 1817 pro
1960 1734 2211 1799 amico?

182 1826 325 1907 aut,
373 1822 430 1886 si
477 1842 650 1887 esses
688 1820 978 1905 Orestes,
1023 1819 1336 1905 Pyladem
1381 1821 1737 1906 refelleres,
1780 1824 1849 1886 te
1892 1820 2211 1887 indicares

181 1915 278 1994 et,
327 1910 385 1975 si
427 1910 496 1975 id
539 1931 676 1976 non
719 1911 1053 1993 probares,
1113 1929 1240 1993 quo
1286 1909 1502 1975 minus
1550 1911 1742 1975 ambo
1790 1932 1919 1975 una
1954 1931 2210 1976 necare·

93 2024 152 2063 ιο
181 1999 376 2081 ιιιιιιι,
420 2019 556 2063 ιιοιι
600 1997 1055 2082 deprecarere?
2231 2046 2319 2110 25

320 2086 596 2152 Faceres
650 2091 726 2151 tu
778 2085 1062 2171 quidem,
1113 2085 1465 2171 Torquate,
1516 2086 1681 2151 haec
1734 2085 1982 2170 omnia3
2045 2087 2212 2152 nihil
2247 2121 2317 2172 80

183 2176 365 2241 enim
431 2176 710 2240 arbitror
783 2194 922 2239 esse
986 2194 1226 2260 magna
1285 2174 1477 2239 laude
1549 2175 1843 2259 dignum,
1906 2175 2075 2260 quod
2145 2178 2213 2240 te

179 2263 796 2353 praetermissurum
843 2261 1124 2327 credam
1145 2265 1260 2327 aut
1303 2262 1535 2327 mortis
1579 2267 1695 2328 aut
1738 2262 1981 2328 doloris
2016 2266 2213 2329 metu.

179 2352 341 2418 Non
376 2352 708 2435 quaeritur
742 2354 989 2433 autem,
1027 2350 1181 2434 quid
1213 2352 1488 2416 naturae
1530 2353 1681 2416 tuae
1716 2355 2215 2416 consentaneum

100 2463 156 2506 ιιι
184 2440 304 2524 sit,
356 2438 467 2504 sed
513 2439 667 2523 quid
711 2438 1106 2522 disciplinae.
1204 2437 1403 2503 Ratio
1456 2438 1613 2523 ista,
1670 2459 1862 2523 quam
1908 2437 2214 2522 defendite,
2296 2475 2343 2487 ,-

183 2530 565 2613 praecepta,
609 2548 776 2612 quae
821 2525 1132 2611 didicisti,
1178 2548 1341 2611 quae
1387 2527 1653 2610 probas,
1704 2526 1993 2592 funditus
2038 2546 2213 2592 ever-

181 2619 340 2681 tunt
395 2615 775 2700 amicitiam,
829 2615 1124 2701 quamvis
1179 2635 1327 2679 eam
1381 2613 1726 2698 Epicurus,
1781 2617 1855 2679 ut
1912 2613 2095 2697 facit,
2144 2614 2213 2679 ιιι

184 2704 442 2769 caelum
506 2704 732 2768 efferat
791 2703 1110 2769 laudibus.
1227 2701 1323 2768 At
1394 2702 1597 2767 coluit
1665 2701 1810 2784 ipse
1876 2701 2215 2767 amicitias.

186 2791 380 2876 Quis,
427 2812 690 2875 quaeso,
733 2792 921 2855 illum
954 2793 1155 2876 negat
1199 2794 1266 2855 et
1309 2791 1551 2856 bonum
1596 2790 1807 2854 virum
1853 2794 1921 2855 et
1964 2811 2213 2855 comem

98 2904 154 2945 so
181 2884 254 2945 et
307 2880 663 2944 humanum
716 2878 963 2944 fuisse?
1060 2878 1161 2943 De
1216 2878 1477 2964 ingenio
1536 2878 1673 2942 eius
1732 2877 1801 2943 ιιι
1845 2878 1951 2942 his
1998 2878 2211 2980 dispu-

181 2964 578 3050 tationibus,
633 2989 769 3033 non
830 2967 910 3032 de
970 2967 1260 3032 moribus
1327 2966 1675 3068 quaeritur.
1792 2963 1895 3031 Sit
1954 2966 2085 3031 ista
2144 2967 2215 3032 ιιι

183 3054 585 3121 Graecorum
655 3056 920 3120 levitate
998 3055 1418 3139 perversitas,
1502 3055 1615 3140 qui
1684 3052 2047 3119 maledictis
2120 3054 2213 3119 in·

183 3146 524 3210 sectantur
582 3164 721 3227 eos,
778 3166 819 3208 a
870 3142 1100 3229 quibus
1147 3143 1227 3208 de
1270 3143 1547 3208 veritate
1592 3142 2001 3207 dissentiunt.
2092 3140 2215 3207 Sed

185 3232 487 3317 quamvis
553 3233 753 3297 comis
816 3232 888 3297 in
952 3232 1177 3297 amicis
1249 3230 1505 3295 tuendis
1569 3230 1791 3315 fuerit,
1851 3233 2095 3313 tamen,
2157 3230 2216 3295 si

101 3346 154 3387 ³5
181 3320 352 3387 haec
397 3341 552 3385 vera
597 3323 750 3386 sunt
795 3317 988 3406 (nihil
1033 3319 1204 3384 enim
1247 3315 1557 3407 affirmo),
1602 3340 1738 3384 non
1780 3318 1940 3383 satis
1988 3320 2215 3383 acutus

181 3410 330 3474 fuit.
405 3406 499 3473 At
534 3408 760 3473 multis
799 3430 869 3473 se
913 3407 1234 3491 probavit.
1302 3406 1394 3472 Et
1440 3406 1696 3492 quidem
1736 3407 1873 3472 iure
1917 3405 2214 3487 fortasse,
2248 3426 2311 3475 81

181 3498 300 3564 sed
355 3499 577 3561 tamen
629 3517 763 3561 non
817 3496 1269 3582 gravissimum
1336 3497 1437 3559 est
1468 3494 1944 3561 testimonium
1998 3492 2213 3557 multi-
