2609 3884
374 154 508 217 414
767 150 1367 206 TUSCULANARUM
1400 149 2005 207 DISPUTATIONUM

373 316 578 399 igitur
622 312 786 379 mihi
843 313 976 379 iam
1023 313 1455 378 convertenda
1503 312 1711 377 omnis
1759 313 1969 379 oratio
2017 316 2143 398 est3
2202 316 2418 379 simu-

373 404 474 469 las
520 404 694 467 enim
739 422 1039 486 quaerere
1085 404 1152 466 te
1198 400 1277 465 de
1324 400 1645 484 sapiente,
1699 401 1955 485 quaeris
2002 405 2222 467 autem
2272 402 2419 467 for-

372 495 548 557 tasse
595 491 673 555 de
717 495 803 556 te.

505 578 750 643 Earum
784 578 989 663 igitur
1021 576 1610 662 perturbationum,
1647 598 1807 660 quas
1846 577 2133 661 exposui,
2176 579 2420 644 variae

374 670 528 732 sunt
589 667 972 731 curationes.
1078 663 1250 730 Nam
1314 686 1523 749 neque
1588 665 1797 729 omnis
1866 665 2199 749 aegritudo
2272 690 2423 731 una
2448 691 2475 731 5

371 755 627 820 ratione
673 754 961 835 sedatur3
1009 754 1140 819 alia
1185 756 1285 817 est
1332 752 1507 816 enim
1550 753 1829 836 lugenti,
1886 753 2015 818 alia
2057 754 2425 819 miseranti

373 848 490 908 aut
531 841 847 907 invidenti
883 840 1246 907 adhibenda
1280 840 1616 904 medicina.
1686 839 1811 905 Est
1846 841 2043 905 etiam
2082 842 2152 905 in
2190 843 2421 907 omni-

371 931 492 995 bus
549 934 857 1014 quattuor
919 928 1517 1014 perturbationibus
1571 928 1688 993 illa
1752 927 2109 1012 distinctio,
2173 933 2423 995 utrum

373 1018 456 1083 ad
526 1018 893 1083 universam
965 1015 1548 1101 perturbationem,
1620 1037 1782 1100 quae
1856 1019 1957 1081 est
2020 1020 2421 1100 aspernatio
2537 1075 2549 1086 .

370 1106 647 1170 rationis
701 1108 816 1169 aut
870 1103 1192 1187 adpetitus
1262 1102 1730 1188 vehementior,
1794 1126 1880 1169 an
1942 1104 2026 1169 ad
2080 1104 2420 1191 singulaS,
2450 1133 2494 1172 ιο

371 1197 446 1257 ut
491 1192 573 1257 ad
619 1196 890 1275 metum,
933 1191 1319 1276 lubidinem,
1363 1191 1644 1274 reliquas
1654 1242 1695 1275 „
1726 1191 1959 1257 melius
2006 1192 2419 1260 adhibeatur

374 1280 611 1363 oratio,
658 1283 725 1344 et
767 1282 984 1344 utrum
1028 1278 1272 1343 illudne
1309 1300 1442 1344 non
1476 1279 1770 1344 videatur
1806 1300 1997 1365 aegre
2033 1279 2418 1366 ferundum,

373 1390 450 1433 ex
496 1389 621 1451 quo
670 1369 970 1451 suscepta
1013 1367 1101 1431 sit
1145 1366 1511 1451 aegritudo,
1558 1388 1642 1432 an
1684 1368 1974 1432 omniu-m
2008 1389 2229 1433 rerum
2278 1372 2416 1435 tol-

369 1455 562 1521 lenda
620 1456 878 1521 omnino
940 1455 1308 1539 aegritudo,
1368 1458 1469 1533 ut,
1532 1456 1589 1520 si
1646 1454 1790 1539 quis
1846 1476 2037 1541 aegre
2095 1456 2276 1523 ferat
2340 1481 2415 1523 se

368 1565 721 1629 pauperem
784 1564 952 1628 esse,
1013 1542 1164 1607 idne
1227 1543 1546 1627 disputes,
1615 1546 2070 1626 paupertatem
2141 1545 2412 1612 malum
2440 1572 2484 1612 ιε

368 1654 502 1696 non
547 1654 711 1716 esse,
759 1654 843 1696 an
886 1630 1215 1697 hominem
1251 1652 1444 1717 aegre
1480 1630 1650 1695 ferre
1685 1631 1852 1696 nihil
1889 1636 2208 1715 oportere.
2284 1634 2360 1702 N
2360 1636 2415 1700 i-

369 1720 606 1783 mirum
667 1718 792 1785 hoo
853 1719 1112 1802 meliuS,
1175 1739 1283 1801 ne,
1348 1718 1405 1783 si
1457 1717 1627 1783 forte
1684 1718 1761 1783 de
1820 1723 2207 1804 paupertate
2262 1744 2413 1789 non

367 1807 789 1891 persuaseris,
846 1808 932 1872 sit
985 1806 1376 1891 aegritudini
1430 1806 1929 1892 eoncedendum3
1988 1808 2410 1893 aegritudine

371 1897 588 1960 autem
621 1895 908 1961 *sublata
970 1894 1252 1977 propriis
1322 1894 1712 1979 rationibus,
1787 1896 2022 1979 quibus
2085 1896 2227 1961 heri
2298 1899 2409 1964 usi

264 1982 1187 2135 28331m¹¹⁵se3u⁰0fflffism3122
1228 1982 1429 2136 ²323}
1472 1983 1903 2154 Ρξὲἅὲἷὶῗέῗο
1920 1984 2179 2137 Ἒέῗέῑ
2218 1986 2405 2157 Ἓξ
2434 2014 2483 2053 '⁰

273 2110 340 2158 60
369 2158 622 2223 catione
669 2158 970 2223 abluatur
1012 2158 1131 2222 illa
1176 2158 1461 2244 quidem,
1517 2180 1663 2223 oum
1707 2158 1937 2224 doceas
1980 2180 2099 2225 nee
2142 2160 2404 2227 bonum

365 2245 532 2310 illud
595 2266 761 2330 esse,
825 2265 901 2310 ex
964 2267 1090 2330 quo
1156 2246 1414 2310 laetitia
1485 2249 1599 2311 aut
1659 2246 1863 2312 libido
1926 2248 2200 2333 oriatur,
2271 2271 2403 2316 neo

367 2333 640 2418 malum,
675 2354 753 2397 ex
789 2355 914 2417 quo
954 2336 1067 2399 aut
1100 2336 1311 2399 metus
1350 2337 1463 2399 aut
1498 2334 1867 2419 aegritud03
1910 2358 2131 2402 verum
2165 2339 2403 2403 tamen

367 2421 526 2486 haee
564 2424 664 2487 est
700 2425 876 2486 certa
914 2425 981 2487 et
1014 2422 1278 2506 propria
1316 2422 1595 2506 sanatio,
1641 2422 1698 2487 si
1746 2423 1974 2489 doceas
2019 2424 2197 2508 ipsas
2243 2448 2401 2509 per·
2428 2450 2477 2492 85

366 2510 772 2576 turbationes
817 2531 934 2594 per
981 2530 1049 2574 se
1095 2529 1236 2574 esse
1282 2509 1556 2575 vitiosas
1598 2531 1717 2575 nee
1758 2510 1996 2576 habere
2042 2512 2401 2597 quiequam

370 2602 486 2663 aut
525 2598 824 2663 naturale
872 2601 985 2662 aut
1030 2598 1497 2682 necessarium,
1539 2600 1613 2662 ut
1656 2598 1870 2681 ipsam
1917 2600 2400 2684 aegritudinem

367 2687 556 2751 leniri
609 2686 924 2770 videmus,
989 2706 1135 2750 eum
1188 2685 1506 2750 obicimus
1570 2688 2007 2752 maerentibus
2076 2688 2399 2754 inbecilli·

366 2777 573 2839 tatem
638 2774 838 2839 animi
906 2773 1300 2857 ecfeminati,
1376 2794 1648 2858 eumque
1712 2796 1933 2839 eorum
1996 2776 2397 2859 gravitatem

369 2862 928 2945 constantiamque
962 2860 1329 2945 laudamus,
1375 2860 1485 2944 qui
1519 2882 1651 2926 non
1695 2862 2067 2927 turbulente
2102 2864 2397 2929 humana
2423 2892 2477 2931 ω

365 2950 714 3032 patiantur.
787 2948 973 3025 Quod
1019 2948 1277 3033 quidem
1324 2949 1491 3013 solet
1535 2949 1629 3013 eis
1672 2950 1871 3014 etiam
1918 2950 2233 3036 accidere,
2280 2954 2399 3036 qui

363 3037 480 3101 illa
537 3036 710 3101 mala
769 3057 910 3101 esse
971 3040 1260 3118 censent,
1316 3035 1583 3101 ferenda
1633 3039 1854 3102 tamen
1909 3060 2113 3124 aequo
2168 3039 2396 3105 animo

367 3125 783 3189 arbitrantur.
890 3122 1090 3187 Putat
1153 3124 1387 3208 aliquis
1451 3145 1590 3189 esse
1654 3125 2055 3210 voluptatem
2125 3127 2399 3213 bonum,

367 3212 533 3277 alius
572 3214 788 3277 autem
833 3210 1201 3295 pecuniam3
1245 3215 1469 3277 tamen
1512 3216 1579 3277 et
1612 3212 1724 3277 ille
1763 3214 1845 3278 ab
1883 3214 2397 3299 intemperantia

366 3301 432 3361 et
485 3298 592 3362 hio
647 3298 728 3362 ab
784 3298 1063 3362 avaritia
1108 3300 1367 3364 avocari
1417 3304 1653 3383 potest.
1740 3300 1866 3366 ma
1921 3306 2137 3367 autem
2182 3303 2397 3369 altera
2420 3328 2475 3370 ³5

362 3385 532 3448 ratio
580 3387 646 3448 et
691 3385 930 3469 oratio,
976 3406 1138 3469 quae
1183 3386 1376 3450 simul
1415 3391 1481 3453 et
1516 3388 1885 3473 opinionem
1929 3389 2164 3456 falsam
2209 3390 2397 3458 tollit

365 3474 432 3535 et
486 3472 954 3557 aegritudinem
1011 3471 1321 3559 detrahit,
1377 3478 1477 3540 est
1532 3498 1609 3541 ea
1662 3478 1919 3565 quidem
1969 3478 2221 3564 utilior,
2276 3479 2395 3545 sed
