<?xml version="1.0" encoding="UTF-8"?>
<!DOCTYPE html PUBLIC "-//W3C//DTD XHTML 1.0 Transitional//EN"
    "http://www.w3.org/TR/xhtml1/DTD/xhtml1-transitional.dtd">
<html xmlns="http://www.w3.org/1999/xhtml" xml:lang="en" lang="en">
 <head>
  <title>
</title>
<meta http-equiv="Content-Type" content="text/html;charset=utf-8" />
  <meta name='ocr-system' content='tesseract 3.04.00' />
  <meta name='ocr-capabilities' content='ocr_page ocr_carea ocr_par ocr_line ocrx_word'/>
</head>
<body>
  <div class='ocr_page' id='page_1' title='image "./scriptaquaemans01mlgoog_0503.png"; bbox 0 0 2609 3884; ppageno 0'>
   <div class='ocr_carea' id='block_1_1' title="bbox 701 157 2270 224">
    <p class='ocr_par' dir='ltr' id='par_1_1' title="bbox 701 157 2270 224">
     <span class='ocr_line' id='line_1_1' title="bbox 701 157 2270 224; baseline -0.002 -7"><span class='ocrx_word' id='word_1_1' title='bbox 701 162 837 216; x_wconf 85' lang='lat' dir='ltr'><strong>LIB.</strong></span> <span class='ocrx_word' id='word_1_2' title='bbox 873 161 944 217; x_wconf 84' lang='lat' dir='ltr'><strong>V.</strong></span> <span class='ocrx_word' id='word_1_3' title='bbox 1001 159 1155 215; x_wconf 86' lang='lat' dir='ltr'>CAP.</span> <span class='ocrx_word' id='word_1_4' title='bbox 1194 164 1439 214; x_wconf 78' lang='lat'><strong>27—29.</strong></span> <span class='ocrx_word' id='word_1_5' title='bbox 1506 162 1536 224; x_wconf 68' lang='grc'><strong>5</strong></span> <span class='ocrx_word' id='word_1_6' title='bbox 1575 164 1818 213; x_wconf 71' lang='lat' dir='ltr'><strong>’ze—82.</strong></span> <span class='ocrx_word' id='word_1_7' title='bbox 2138 157 2270 222; x_wconf 84' lang='lat'><strong>453</strong></span> 
     </span>
    </p>
   </div>
   <div class='ocr_carea' id='block_1_2' title="bbox 43 319 2424 1282">
    <p class='ocr_par' dir='ltr' id='par_1_2' title="bbox 43 319 2424 1282">
     <span class='ocr_line' id='line_1_2' title="bbox 48 319 2273 405; baseline -0.002 -18"><span class='ocrx_word' id='word_1_8' title='bbox 48 328 64 387; x_wconf 71' lang='grc' dir='ltr'>ε</span> <span class='ocrx_word' id='word_1_9' title='bbox 253 321 650 388; x_wconf 77' lang='lat' dir='ltr'><strong>formident?</strong></span> <span class='ocrx_word' id='word_1_10' title='bbox 723 320 999 405; x_wconf 87' lang='lat' dir='ltr'><strong>Omitto,</strong></span> <span class='ocrx_word' id='word_1_11' title='bbox 1044 342 1206 405; x_wconf 93' lang='lat' dir='ltr'><strong>quae</strong></span> <span class='ocrx_word' id='word_1_12' title='bbox 1251 319 1579 404; x_wconf 88' lang='lat' dir='ltr'><strong>perferant</strong></span> <span class='ocrx_word' id='word_1_13' title='bbox 1615 338 1902 403; x_wconf 87' lang='lat' dir='ltr'><strong>quaeque</strong></span> <span class='ocrx_word' id='word_1_14' title='bbox 1938 319 2273 403; x_wconf 86' lang='lat' dir='ltr'><strong>patiantur</strong></span> 
     </span>
     <span class='ocr_line' id='line_1_3' title="bbox 47 406 2272 492; baseline -0.002 -17"><span class='ocrx_word' id='word_1_15' title='bbox 47 434 64 453; x_wconf 57' lang='lat'><em>³</em></span> <span class='ocrx_word' id='word_1_16' title='bbox 257 410 589 476; x_wconf 77' lang='lat' dir='ltr'><strong>ambitiosi</strong></span> <span class='ocrx_word' id='word_1_17' title='bbox 634 410 898 476; x_wconf 91' lang='lat' dir='ltr'><strong>honoris</strong></span> <span class='ocrx_word' id='word_1_18' title='bbox 936 430 1157 492; x_wconf 87' lang='lat' dir='ltr'><strong>causa,</strong></span> <span class='ocrx_word' id='word_1_19' title='bbox 1199 407 1411 472; x_wconf 90' lang='lat' dir='ltr'><strong>laudis</strong></span> <span class='ocrx_word' id='word_1_20' title='bbox 1451 406 1723 471; x_wconf 75' lang='lat' dir='ltr'><strong>studiosi</strong></span> <span class='ocrx_word' id='word_1_21' title='bbox 1758 406 2005 491; x_wconf 86' lang='lat' dir='ltr'><strong>gloriae</strong></span> <span class='ocrx_word' id='word_1_22' title='bbox 2041 406 2272 490; x_wconf 85' lang='lat' dir='ltr'><strong>gratia,</strong></span> 
     </span>
     <span class='ocr_line' id='line_1_4' title="bbox 256 494 2377 647; baseline -0.002 -85"><span class='ocrx_word' id='word_1_23' title='bbox 256 519 475 563; x_wconf 85' lang='lat' dir='ltr'><strong>amore</strong></span> <span class='ocrx_word' id='word_1_24' title='bbox 518 498 765 599; x_wconf 77' lang='lat' dir='ltr'><strong>incensi</strong></span> <span class='ocrx_word' id='word_1_25' title='bbox 801 496 1190 599; x_wconf 79' lang='lat' dir='ltr'><strong>cupiditatis.</strong></span> <span class='ocrx_word' id='word_1_26' title='bbox 1264 496 1468 647; x_wconf 44' lang='lat' dir='ltr'><strong>{ilena</strong></span> <span class='ocrx_word' id='word_1_27' title='bbox 1501 495 1639 560; x_wconf 81' lang='lat' dir='ltr'><strong>vita</strong></span> <span class='ocrx_word' id='word_1_28' title='bbox 1668 494 2120 647; x_wconf 49' lang='lat' dir='ltr'><strong>gxegnplllorum</strong></span> <span class='ocrx_word' id='word_1_29' title='bbox 2157 498 2272 646; x_wconf 57' lang='lat' dir='ltr'><strong>esit.</strong></span> <span class='ocrx_word' id='word_1_30' title='bbox 2291 541 2377 605; x_wconf 77' lang='lat'><strong>28</strong></span> 
     </span>
     <span class='ocr_line' id='line_1_5' title="bbox 207 582 2369 757; baseline -0.002 -20"><span class='ocrx_word' id='word_1_31' title='bbox 207 696 234 737; x_wconf 67' lang='lat'>⁵</span> <span class='ocrx_word' id='word_1_32' title='bbox 262 582 535 737; x_wconf 49' lang='lat' dir='ltr'><strong>‹1211ssssss</strong></span> <span class='ocrx_word' id='word_1_33' title='bbox 571 585 879 757; x_wconf 52' lang='lat' dir='ltr'><strong>a‘bhssi&#39;offit</strong></span> <span class='ocrx_word' id='word_1_34' title='bbox 911 588 1453 756; x_wconf 50' lang='grc' dir='ltr'><strong>ξζιῗὲωἶηῖεαζ</strong></span> <span class='ocrx_word' id='word_1_35' title='bbox 1488 585 1829 735; x_wconf 51' lang='grc' dir='ltr'><strong>ἶξέἷιεῖιῗα</strong></span> <span class='ocrx_word' id='word_1_36' title='bbox 1867 604 2050 735; x_wconf 46' lang='lat' dir='ltr'><strong>lvii?</strong></span> <span class='ocrx_word' id='word_1_37' title='bbox 2078 604 2274 735; x_wconf 51' lang='lat' dir='ltr'><strong>§³0¹2ss</strong></span> <span class='ocrx_word' id='word_1_38' title='bbox 2300 618 2369 669; x_wconf 78' lang='lat'><strong>⁸⁰</strong></span> 
     </span>
     <span class='ocr_line' id='line_1_6' title="bbox 257 756 2424 844; baseline -0.001 -19"><span class='ocrx_word' id='word_1_39' title='bbox 257 782 379 825; x_wconf 88' lang='lat' dir='ltr'><strong>nec</strong></span> <span class='ocrx_word' id='word_1_40' title='bbox 415 760 754 844; x_wconf 86' lang='lat' dir='ltr'><strong>iustitiam,</strong></span> <span class='ocrx_word' id='word_1_41' title='bbox 789 758 1290 843; x_wconf 74' lang='lat' dir='ltr'><strong>temperantiam</strong></span> <span class='ocrx_word' id='word_1_42' title='bbox 1326 759 1395 822; x_wconf 91' lang='lat' dir='ltr'><strong>in</strong></span> <span class='ocrx_word' id='word_1_43' title='bbox 1429 756 1781 841; x_wconf 79' lang='lat' dir='ltr'><strong>primisque</strong></span> <span class='ocrx_word' id='word_1_44' title='bbox 1810 757 2275 838; x_wconf 83' lang='lat' dir='ltr'><strong>fortitudinem,</strong></span> <span class='ocrx_word' id='word_1_45' title='bbox 2412 762 2424 775; x_wconf 77' lang='grc'><em>”</em></span> 
     </span>
     <span class='ocr_line' id='line_1_7' title="bbox 262 846 2276 933; baseline -0.001 -22"><span class='ocrx_word' id='word_1_46' title='bbox 262 848 774 933; x_wconf 78' lang='lat' dir='ltr'><strong>magnitudinem</strong></span> <span class='ocrx_word' id='word_1_47' title='bbox 831 848 1056 931; x_wconf 90' lang='lat' dir='ltr'><strong>animi,</strong></span> <span class='ocrx_word' id='word_1_48' title='bbox 1108 846 1493 931; x_wconf 89' lang='lat' dir='ltr'><strong>patientiam</strong></span> <span class='ocrx_word' id='word_1_49' title='bbox 1537 848 1904 929; x_wconf 88' lang='lat' dir='ltr'><strong>prosecuta,</strong></span> <span class='ocrx_word' id='word_1_50' title='bbox 1954 866 2099 910; x_wconf 89' lang='lat' dir='ltr'><strong>cum</strong></span> <span class='ocrx_word' id='word_1_51' title='bbox 2143 848 2276 911; x_wconf 89' lang='lat' dir='ltr'><strong>tor-</strong></span> 
     </span>
     <span class='ocr_line' id='line_1_8' title="bbox 43 932 2275 1020; baseline -0.001 -20"><span class='ocrx_word' id='word_1_52' title='bbox 43 984 62 1011; x_wconf 37' lang='lat'><strong>5,</strong></span> <span class='ocrx_word' id='word_1_53' title='bbox 257 937 420 1002; x_wconf 86' lang='lat' dir='ltr'><strong>toris</strong></span> <span class='ocrx_word' id='word_1_54' title='bbox 474 958 546 1001; x_wconf 74' lang='lat' dir='ltr'><strong>os</strong></span> <span class='ocrx_word' id='word_1_55' title='bbox 603 936 860 1020; x_wconf 85' lang='lat' dir='ltr'><strong>viderit,</strong></span> <span class='ocrx_word' id='word_1_56' title='bbox 920 934 1233 1001; x_wconf 88' lang='lat' dir='ltr'><strong>consistet</strong></span> <span class='ocrx_word' id='word_1_57' title='bbox 1274 932 1748 1018; x_wconf 81' lang='lat' dir='ltr'><strong>virtutibusque</strong></span> <span class='ocrx_word' id='word_1_58' title='bbox 1793 933 2091 999; x_wconf 89' lang='lat' dir='ltr'><strong>omnibus</strong></span> <span class='ocrx_word' id='word_1_59' title='bbox 2138 934 2275 997; x_wconf 89' lang='lat' dir='ltr'><strong>sine</strong></span> 
     </span>
     <span class='ocr_line' id='line_1_9' title="bbox 43 1021 2277 1111; baseline -0 -24"><span class='ocrx_word' id='word_1_60' title='bbox 43 1060 50 1099; x_wconf 57' lang='grc' dir='ltr'><strong>ι</strong></span> <span class='ocrx_word' id='word_1_61' title='bbox 257 1024 394 1089; x_wconf 88' lang='lat' dir='ltr'><strong>ullo</strong></span> <span class='ocrx_word' id='word_1_62' title='bbox 423 1024 624 1111; x_wconf 80' lang='lat' dir='ltr'><strong>animi</strong></span> <span class='ocrx_word' id='word_1_63' title='bbox 659 1028 904 1089; x_wconf 88' lang='lat' dir='ltr'><strong>terrore</strong></span> <span class='ocrx_word' id='word_1_64' title='bbox 941 1023 1024 1087; x_wconf 88' lang='lat' dir='ltr'><strong>ad</strong></span> <span class='ocrx_word' id='word_1_65' title='bbox 1060 1022 1414 1088; x_wconf 83' lang='lat' dir='ltr'><strong>cruciatum</strong></span> <span class='ocrx_word' id='word_1_66' title='bbox 1448 1021 1758 1105; x_wconf 87' lang='lat' dir='ltr'><strong>profectis</strong></span> <span class='ocrx_word' id='word_1_67' title='bbox 1796 1021 2059 1086; x_wconf 87' lang='lat' dir='ltr'><strong>resistet</strong></span> <span class='ocrx_word' id='word_1_68' title='bbox 2094 1024 2277 1086; x_wconf 87' lang='lat' dir='ltr'><strong>extra</strong></span> 
     </span>
     <span class='ocr_line' id='line_1_10' title="bbox 43 1108 2276 1195; baseline -0 -21"><span class='ocrx_word' id='word_1_69' title='bbox 43 1148 59 1191; x_wconf 40' lang='grc' dir='ltr'><strong>ρ,</strong></span> <span class='ocrx_word' id='word_1_70' title='bbox 176 1135 231 1174; x_wconf 89' lang='lat'><strong>10</strong></span> <span class='ocrx_word' id='word_1_71' title='bbox 257 1110 459 1195; x_wconf 83' lang='lat' dir='ltr'><strong>fores,</strong></span> <span class='ocrx_word' id='word_1_72' title='bbox 502 1115 577 1177; x_wconf 91' lang='lat' dir='ltr'><strong>ut</strong></span> <span class='ocrx_word' id='word_1_73' title='bbox 622 1115 770 1176; x_wconf 88' lang='lat' dir='ltr'><strong>ante</strong></span> <span class='ocrx_word' id='word_1_74' title='bbox 817 1110 976 1193; x_wconf 83' lang='lat' dir='ltr'><strong>dixi,</strong></span> <span class='ocrx_word' id='word_1_75' title='bbox 1020 1111 1342 1195; x_wconf 90' lang='lat' dir='ltr'><strong>limenque</strong></span> <span class='ocrx_word' id='word_1_76' title='bbox 1388 1109 1681 1175; x_wconf 89' lang='lat' dir='ltr'><strong>carceris.</strong></span> <span class='ocrx_word' id='word_1_77' title='bbox 1766 1108 1937 1186; x_wconf 85' lang='lat' dir='ltr'><strong>Quid</strong></span> <span class='ocrx_word' id='word_1_78' title='bbox 1982 1109 2153 1175; x_wconf 90' lang='lat' dir='ltr'><strong>enim</strong></span> <span class='ocrx_word' id='word_1_79' title='bbox 2198 1130 2276 1174; x_wconf 91' lang='lat' dir='ltr'><strong>ea</strong></span> 
     </span>
     <span class='ocr_line' id='line_1_11' title="bbox 256 1197 2418 1282; baseline 0.003 -21"><span class='ocrx_word' id='word_1_80' title='bbox 256 1198 525 1282; x_wconf 75' lang='lat' dir='ltr'><strong>foediuS,</strong></span> <span class='ocrx_word' id='word_1_81' title='bbox 562 1197 717 1282; x_wconf 91' lang='lat' dir='ltr'><strong>quid</strong></span> <span class='ocrx_word' id='word_1_82' title='bbox 743 1197 1093 1262; x_wconf 86' lang='lat' dir='ltr'><strong>deformius</strong></span> <span class='ocrx_word' id='word_1_83' title='bbox 1122 1199 1266 1263; x_wconf 88' lang='lat' dir='ltr'><strong>sola</strong></span> <span class='ocrx_word' id='word_1_84' title='bbox 1291 1198 1537 1281; x_wconf 81' lang='lat' dir='ltr'><strong>relicta,</strong></span> <span class='ocrx_word' id='word_1_85' title='bbox 1572 1218 1616 1261; x_wconf 88' lang='lat' dir='ltr'><strong>a</strong></span> <span class='ocrx_word' id='word_1_86' title='bbox 1642 1198 1956 1263; x_wconf 87' lang='lat' dir='ltr'><strong>comitatu</strong></span> <span class='ocrx_word' id='word_1_87' title='bbox 1982 1198 2276 1282; x_wconf 86' lang='lat' dir='ltr'><strong>pulcher·</strong></span> <span class='ocrx_word' id='word_1_88' title='bbox 2394 1260 2418 1267; x_wconf 68' lang='grc'><em>,</em></span> 
     </span>
    </p>
   </div>
   <div class='ocr_carea' id='block_1_3' title="bbox 41 1265 2379 1545">
    <p class='ocr_par' dir='ltr' id='par_1_3' title="bbox 41 1265 2379 1545">
     <span class='ocr_line' id='line_1_12' title="bbox 43 1265 2275 1370; baseline 0 -21"><span class='ocrx_word' id='word_1_89' title='bbox 43 1265 59 1367; x_wconf 50' lang='grc' dir='ltr'><em>ᾗ</em></span> <span class='ocrx_word' id='word_1_90' title='bbox 257 1286 423 1350; x_wconf 87' lang='lat' dir='ltr'><strong>rimo</strong></span> <span class='ocrx_word' id='word_1_91' title='bbox 477 1284 864 1370; x_wconf 77' lang='lat' dir='ltr'><strong>segregata?</strong></span> <span class='ocrx_word' id='word_1_92' title='bbox 912 1285 1084 1369; x_wconf 89' lang='lat' dir='ltr'><strong>quod</strong></span> <span class='ocrx_word' id='word_1_93' title='bbox 1126 1288 1350 1350; x_wconf 89' lang='lat' dir='ltr'><strong>tamen</strong></span> <span class='ocrx_word' id='word_1_94' title='bbox 1393 1284 1537 1348; x_wconf 90' lang='lat' dir='ltr'><strong>fieri</strong></span> <span class='ocrx_word' id='word_1_95' title='bbox 1570 1284 1749 1350; x_wconf 89' lang='lat' dir='ltr'><strong>nullo</strong></span> <span class='ocrx_word' id='word_1_96' title='bbox 1795 1288 1987 1368; x_wconf 87' lang='lat' dir='ltr'><strong>pacto</strong></span> <span class='ocrx_word' id='word_1_97' title='bbox 2031 1288 2275 1370; x_wconf 83' lang='lat' dir='ltr'><strong>potest3</strong></span> 
     </span>
     <span class='ocr_line' id='line_1_13' title="bbox 41 1371 2274 1457; baseline -0.001 -20"><span class='ocrx_word' id='word_1_98' title='bbox 41 1412 61 1457; x_wconf 64' lang='lat' dir='ltr'>t</span> <span class='ocrx_word' id='word_1_99' title='bbox 258 1394 377 1437; x_wconf 92' lang='lat' dir='ltr'><strong>nec</strong></span> <span class='ocrx_word' id='word_1_100' title='bbox 431 1372 604 1437; x_wconf 89' lang='lat' dir='ltr'><strong>enim</strong></span> <span class='ocrx_word' id='word_1_101' title='bbox 656 1372 932 1443; x_wconf 84' lang='lat' dir='ltr'><strong>virtutes</strong></span> <span class='ocrx_word' id='word_1_102' title='bbox 989 1372 1126 1437; x_wconf 76' lang='lat' dir='ltr'><strong>sine</strong></span> <span class='ocrx_word' id='word_1_103' title='bbox 1179 1374 1375 1437; x_wconf 90' lang='lat' dir='ltr'><strong>beata</strong></span> <span class='ocrx_word' id='word_1_104' title='bbox 1426 1372 1564 1435; x_wconf 77' lang='lat' dir='ltr'><strong>vita</strong></span> <span class='ocrx_word' id='word_1_105' title='bbox 1607 1371 1947 1436; x_wconf 89' lang='lat' dir='ltr'><strong>cohaerere</strong></span> <span class='ocrx_word' id='word_1_106' title='bbox 2000 1375 2274 1455; x_wconf 85' lang='lat' dir='ltr'><strong>possunt</strong></span> 
     </span>
     <span class='ocr_line' id='line_1_14' title="bbox 42 1458 2379 1545; baseline -0.002 -20"><span class='ocrx_word' id='word_1_107' title='bbox 42 1466 60 1545; x_wconf 47' lang='grc' dir='ltr'><em>ᾗ</em></span> <span class='ocrx_word' id='word_1_108' title='bbox 258 1480 377 1525; x_wconf 90' lang='lat' dir='ltr'><strong>nec</strong></span> <span class='ocrx_word' id='word_1_109' title='bbox 421 1460 540 1525; x_wconf 89' lang='lat' dir='ltr'><strong>illa</strong></span> <span class='ocrx_word' id='word_1_110' title='bbox 585 1459 724 1525; x_wconf 88' lang='lat' dir='ltr'><strong>sine</strong></span> <span class='ocrx_word' id='word_1_111' title='bbox 768 1459 1137 1525; x_wconf 86' lang='lat' dir='ltr'><strong>virtutibus.</strong></span> <span class='ocrx_word' id='word_1_112' title='bbox 1224 1458 1451 1543; x_wconf 88' lang='lat' dir='ltr'><strong>Itaque</strong></span> <span class='ocrx_word' id='word_1_113' title='bbox 1497 1479 1640 1523; x_wconf 91' lang='lat' dir='ltr'><strong>eam</strong></span> <span class='ocrx_word' id='word_1_114' title='bbox 1688 1459 2115 1543; x_wconf 73' lang='lat' dir='ltr'><strong>tergiversari</strong></span> <span class='ocrx_word' id='word_1_115' title='bbox 2143 1481 2276 1526; x_wconf 92' lang='lat' dir='ltr'><strong>non</strong></span> <span class='ocrx_word' id='word_1_116' title='bbox 2310 1471 2379 1521; x_wconf 84' lang='lat'><strong>81</strong></span> 
     </span>
    </p>
   </div>
   <div class='ocr_carea' id='block_1_4' title="bbox 39 1547 2385 3566">
    <p class='ocr_par' dir='ltr' id='par_1_4' title="bbox 41 1547 2278 1984">
     <span class='ocr_line' id='line_1_15' title="bbox 41 1547 2273 1633; baseline 0.001 -23"><span class='ocrx_word' id='word_1_117' title='bbox 41 1574 61 1633; x_wconf 51' lang='lat'><strong>4„-</strong></span> <span class='ocrx_word' id='word_1_118' title='bbox 178 1570 232 1610; x_wconf 87' lang='lat'><strong>15</strong></span> <span class='ocrx_word' id='word_1_119' title='bbox 262 1548 475 1613; x_wconf 88' lang='lat' dir='ltr'><strong>sinent</strong></span> <span class='ocrx_word' id='word_1_120' title='bbox 533 1569 872 1633; x_wconf 84' lang='lat' dir='ltr'><strong>secumque</strong></span> <span class='ocrx_word' id='word_1_121' title='bbox 931 1548 1216 1632; x_wconf 78' lang='lat' dir='ltr'><strong>rapient,</strong></span> <span class='ocrx_word' id='word_1_122' title='bbox 1273 1547 1357 1611; x_wconf 94' lang='lat' dir='ltr'><strong>ad</strong></span> <span class='ocrx_word' id='word_1_123' title='bbox 1417 1567 1874 1630; x_wconf 90' lang='lat' dir='ltr'><strong>quemcumque</strong></span> <span class='ocrx_word' id='word_1_124' title='bbox 1926 1547 2105 1631; x_wconf 82' lang='lat' dir='ltr'><strong>ipsae</strong></span> <span class='ocrx_word' id='word_1_125' title='bbox 2165 1547 2273 1613; x_wconf 91' lang='lat' dir='ltr'><strong>do-</strong></span> 
     </span>
     <span class='ocr_line' id='line_1_16' title="bbox 258 1632 2276 1721; baseline -0 -20"><span class='ocrx_word' id='word_1_126' title='bbox 258 1638 462 1701; x_wconf 91' lang='lat' dir='ltr'><strong>lorem</strong></span> <span class='ocrx_word' id='word_1_127' title='bbox 497 1636 975 1720; x_wconf 84' lang='lat' dir='ltr'><strong>cruciatumque</strong></span> <span class='ocrx_word' id='word_1_128' title='bbox 1012 1635 1339 1700; x_wconf 85' lang='lat' dir='ltr'><strong>ducentur.</strong></span> <span class='ocrx_word' id='word_1_129' title='bbox 1410 1632 1737 1718; x_wconf 87' lang='lat' dir='ltr'><strong>Sapientis</strong></span> <span class='ocrx_word' id='word_1_130' title='bbox 1780 1637 1879 1700; x_wconf 85' lang='lat' dir='ltr'><strong>est</strong></span> <span class='ocrx_word' id='word_1_131' title='bbox 1914 1635 2086 1700; x_wconf 90' lang='lat' dir='ltr'><strong>enim</strong></span> <span class='ocrx_word' id='word_1_132' title='bbox 2128 1657 2276 1721; x_wconf 90' lang='lat' dir='ltr'><strong>pro-</strong></span> 
     </span>
     <span class='ocr_line' id='line_1_17' title="bbox 258 1721 2276 1808; baseline 0 -20"><span class='ocrx_word' id='word_1_133' title='bbox 258 1724 474 1808; x_wconf 90' lang='lat' dir='ltr'><strong>prium</strong></span> <span class='ocrx_word' id='word_1_134' title='bbox 525 1723 720 1807; x_wconf 87' lang='lat' dir='ltr'><strong>nihil,</strong></span> <span class='ocrx_word' id='word_1_135' title='bbox 772 1723 946 1808; x_wconf 88' lang='lat' dir='ltr'><strong>quod</strong></span> <span class='ocrx_word' id='word_1_136' title='bbox 998 1722 1325 1807; x_wconf 86' lang='lat' dir='ltr'><strong>paenitere</strong></span> <span class='ocrx_word' id='word_1_137' title='bbox 1379 1722 1617 1807; x_wconf 88' lang='lat' dir='ltr'><strong>possit,</strong></span> <span class='ocrx_word' id='word_1_138' title='bbox 1668 1721 1907 1807; x_wconf 89' lang='lat' dir='ltr'><strong>facere,</strong></span> <span class='ocrx_word' id='word_1_139' title='bbox 1959 1722 2125 1790; x_wconf 91' lang='lat' dir='ltr'><strong>nihil</strong></span> <span class='ocrx_word' id='word_1_140' title='bbox 2180 1724 2276 1788; x_wconf 92' lang='lat' dir='ltr'><strong>in-</strong></span> 
     </span>
     <span class='ocr_line' id='line_1_18' title="bbox 258 1810 2278 1897; baseline 0 -21"><span class='ocrx_word' id='word_1_141' title='bbox 258 1812 492 1896; x_wconf 81' lang='lat' dir='ltr'><strong>vitum,</strong></span> <span class='ocrx_word' id='word_1_142' title='bbox 537 1810 890 1895; x_wconf 75' lang='lat' dir='ltr'><strong>splendide,</strong></span> <span class='ocrx_word' id='word_1_143' title='bbox 935 1814 1337 1895; x_wconf 84' lang='lat' dir='ltr'><strong>constanter,</strong></span> <span class='ocrx_word' id='word_1_144' title='bbox 1380 1811 1692 1896; x_wconf 81' lang='lat' dir='ltr'><strong>graviter,</strong></span> <span class='ocrx_word' id='word_1_145' title='bbox 1735 1810 2005 1876; x_wconf 85' lang='lat' dir='ltr'><strong>honeste</strong></span> <span class='ocrx_word' id='word_1_146' title='bbox 2042 1812 2278 1897; x_wconf 90' lang='lat' dir='ltr'><strong>omnia,</strong></span> 
     </span>
     <span class='ocr_line' id='line_1_19' title="bbox 257 1895 2276 1984; baseline 0 -20"><span class='ocrx_word' id='word_1_147' title='bbox 257 1895 424 1964; x_wconf 88' lang='lat' dir='ltr'><strong>nihil</strong></span> <span class='ocrx_word' id='word_1_148' title='bbox 477 1899 573 1964; x_wconf 87' lang='lat' dir='ltr'><strong>ita</strong></span> <span class='ocrx_word' id='word_1_149' title='bbox 627 1904 997 1983; x_wconf 82' lang='lat' dir='ltr'><strong>exspectare</strong></span> <span class='ocrx_word' id='word_1_150' title='bbox 1053 1899 1241 1984; x_wconf 82' lang='lat' dir='ltr'><strong>quasi</strong></span> <span class='ocrx_word' id='word_1_151' title='bbox 1295 1902 1471 1964; x_wconf 89' lang='lat' dir='ltr'><strong>certo</strong></span> <span class='ocrx_word' id='word_1_152' title='bbox 1525 1898 1841 1983; x_wconf 86' lang='lat' dir='ltr'><strong>futurum,</strong></span> <span class='ocrx_word' id='word_1_153' title='bbox 1884 1899 2076 1982; x_wconf 86' lang='lat' dir='ltr'><strong>nihil,</strong></span> <span class='ocrx_word' id='word_1_154' title='bbox 2130 1921 2276 1965; x_wconf 91' lang='lat' dir='ltr'><strong>cum</strong></span> 
     </span>
    </p>

    <p class='ocr_par' dir='ltr' id='par_1_5' title="bbox 179 1986 2385 2335">
     <span class='ocr_line' id='line_1_20' title="bbox 179 1986 2277 2071; baseline 0.001 -22"><span class='ocrx_word' id='word_1_155' title='bbox 179 2010 234 2049; x_wconf 80' lang='lat'><strong>20</strong></span> <span class='ocrx_word' id='word_1_156' title='bbox 263 1986 590 2070; x_wconf 87' lang='lat' dir='ltr'><strong>acciderit,</strong></span> <span class='ocrx_word' id='word_1_157' title='bbox 637 1987 973 2071; x_wconf 87' lang='lat' dir='ltr'><strong>admirari,</strong></span> <span class='ocrx_word' id='word_1_158' title='bbox 1015 1991 1092 2051; x_wconf 88' lang='lat' dir='ltr'><strong>ut</strong></span> <span class='ocrx_word' id='word_1_159' title='bbox 1126 1987 1538 2071; x_wconf 90' lang='lat' dir='ltr'><strong>inopinatum</strong></span> <span class='ocrx_word' id='word_1_160' title='bbox 1575 2007 1649 2051; x_wconf 91' lang='lat' dir='ltr'><strong>ac</strong></span> <span class='ocrx_word' id='word_1_161' title='bbox 1684 2008 1925 2052; x_wconf 79' lang='lat' dir='ltr'><strong>novum</strong></span> <span class='ocrx_word' id='word_1_162' title='bbox 1971 1987 2277 2052; x_wconf 89' lang='lat' dir='ltr'><strong>accidisse</strong></span> 
     </span>
     <span class='ocr_line' id='line_1_21' title="bbox 262 2074 2277 2159; baseline 0.001 -22"><span class='ocrx_word' id='word_1_163' title='bbox 262 2074 585 2159; x_wconf 85' lang='lat' dir='ltr'><strong>videatur,</strong></span> <span class='ocrx_word' id='word_1_164' title='bbox 629 2075 849 2138; x_wconf 89' lang='lat' dir='ltr'><strong>omnia</strong></span> <span class='ocrx_word' id='word_1_165' title='bbox 885 2075 967 2139; x_wconf 89' lang='lat' dir='ltr'><strong>ad</strong></span> <span class='ocrx_word' id='word_1_166' title='bbox 1004 2097 1191 2140; x_wconf 90' lang='lat' dir='ltr'><strong>suum</strong></span> <span class='ocrx_word' id='word_1_167' title='bbox 1230 2074 1571 2139; x_wconf 80' lang='lat' dir='ltr'><strong>arbitrium</strong></span> <span class='ocrx_word' id='word_1_168' title='bbox 1614 2074 1881 2158; x_wconf 86' lang='lat' dir='ltr'><strong>referre,</strong></span> <span class='ocrx_word' id='word_1_169' title='bbox 1926 2075 2061 2140; x_wconf 90' lang='lat' dir='ltr'><strong>suis</strong></span> <span class='ocrx_word' id='word_1_170' title='bbox 2104 2078 2277 2140; x_wconf 88' lang='lat' dir='ltr'><strong>stare</strong></span> 
     </span>
     <span class='ocr_line' id='line_1_22' title="bbox 260 2159 2274 2248; baseline 0.001 -23"><span class='ocrx_word' id='word_1_171' title='bbox 260 2161 531 2226; x_wconf 90' lang='lat' dir='ltr'><strong>iudiciis.</strong></span> <span class='ocrx_word' id='word_1_172' title='bbox 615 2159 755 2237; x_wconf 84' lang='lat' dir='ltr'><strong>Quo</strong></span> <span class='ocrx_word' id='word_1_173' title='bbox 802 2162 952 2246; x_wconf 90' lang='lat' dir='ltr'><strong>quid</strong></span> <span class='ocrx_word' id='word_1_174' title='bbox 998 2163 1086 2227; x_wconf 88' lang='lat' dir='ltr'><strong>sit</strong></span> <span class='ocrx_word' id='word_1_175' title='bbox 1128 2163 1413 2248; x_wconf 90' lang='lat' dir='ltr'><strong>beatius,</strong></span> <span class='ocrx_word' id='word_1_176' title='bbox 1457 2161 1621 2226; x_wconf 91' lang='lat' dir='ltr'><strong>mihi</strong></span> <span class='ocrx_word' id='word_1_177' title='bbox 1666 2166 1837 2228; x_wconf 89' lang='lat' dir='ltr'><strong>certe</strong></span> <span class='ocrx_word' id='word_1_178' title='bbox 1882 2162 1952 2228; x_wconf 90' lang='lat' dir='ltr'><strong>in</strong></span> <span class='ocrx_word' id='word_1_179' title='bbox 1994 2166 2274 2228; x_wconf 89' lang='lat' dir='ltr'><strong>mentem</strong></span> 
     </span>
     <span class='ocr_line' id='line_1_23' title="bbox 261 2249 2385 2335; baseline -0 -22"><span class='ocrx_word' id='word_1_180' title='bbox 261 2249 477 2313; x_wconf 84' lang='lat' dir='ltr'><strong>venire</strong></span> <span class='ocrx_word' id='word_1_181' title='bbox 512 2270 647 2314; x_wconf 91' lang='lat' dir='ltr'><strong>non</strong></span> <span class='ocrx_word' id='word_1_182' title='bbox 689 2252 925 2333; x_wconf 90' lang='lat' dir='ltr'><strong>potest.</strong></span> <span class='ocrx_word' id='word_1_183' title='bbox 996 2249 1360 2317; x_wconf 87' lang='lat' dir='ltr'><strong>Stoicorum</strong></span> <span class='ocrx_word' id='word_1_184' title='bbox 1401 2250 1657 2335; x_wconf 82' lang='lat' dir='ltr'><strong>quidem</strong></span> <span class='ocrx_word' id='word_1_185' title='bbox 1700 2249 1910 2316; x_wconf 87' lang='lat' dir='ltr'><strong>facilis</strong></span> <span class='ocrx_word' id='word_1_186' title='bbox 1948 2251 2274 2318; x_wconf 88' lang='lat' dir='ltr'><strong>conclusio</strong></span> <span class='ocrx_word' id='word_1_187' title='bbox 2312 2264 2385 2313; x_wconf 75' lang='lat'><strong>82</strong></span> 
     </span>
    </p>

    <p class='ocr_par' dir='ltr' id='par_1_6' title="bbox 39 2337 2277 2423">
     <span class='ocr_line' id='line_1_24' title="bbox 39 2337 2277 2423; baseline 0.001 -22"><span class='ocrx_word' id='word_1_188' title='bbox 39 2390 60 2423; x_wconf 62' lang='lat' dir='ltr'><strong>‚r</strong></span> <span class='ocrx_word' id='word_1_189' title='bbox 263 2340 388 2419; x_wconf 83' lang='lat' dir='ltr'><strong>est3</strong></span> <span class='ocrx_word' id='word_1_190' title='bbox 432 2337 542 2421; x_wconf 90' lang='lat' dir='ltr'><strong>qui</strong></span> <span class='ocrx_word' id='word_1_191' title='bbox 586 2358 733 2403; x_wconf 92' lang='lat' dir='ltr'><strong>cum</strong></span> <span class='ocrx_word' id='word_1_192' title='bbox 777 2337 973 2401; x_wconf 88' lang='lat' dir='ltr'><strong>finem</strong></span> <span class='ocrx_word' id='word_1_193' title='bbox 1017 2337 1335 2403; x_wconf 90' lang='lat' dir='ltr'><strong>bonorum</strong></span> <span class='ocrx_word' id='word_1_194' title='bbox 1378 2359 1520 2404; x_wconf 87' lang='lat' dir='ltr'><strong>esse</strong></span> <span class='ocrx_word' id='word_1_195' title='bbox 1565 2338 1885 2403; x_wconf 87' lang='lat' dir='ltr'><strong>senserint</strong></span> <span class='ocrx_word' id='word_1_196' title='bbox 1928 2358 2277 2422; x_wconf 86' lang='lat' dir='ltr'><strong>congruere</strong></span> 
     </span>
    </p>

    <p class='ocr_par' dir='ltr' id='par_1_7' title="bbox 39 2425 2279 2509">
     <span class='ocr_line' id='line_1_25' title="bbox 39 2425 2279 2509; baseline -0.001 -15"><span class='ocrx_word' id='word_1_197' title='bbox 39 2425 58 2494; x_wconf 63' lang='grc' dir='ltr'><strong>’ζ</strong></span> <span class='ocrx_word' id='word_1_198' title='bbox 179 2446 232 2486; x_wconf 83' lang='lat'><strong>25</strong></span> <span class='ocrx_word' id='word_1_199' title='bbox 261 2427 530 2490; x_wconf 87' lang='lat' dir='ltr'><strong>naturae</strong></span> <span class='ocrx_word' id='word_1_200' title='bbox 567 2446 837 2509; x_wconf 90' lang='lat' dir='ltr'><strong>cumque</strong></span> <span class='ocrx_word' id='word_1_201' title='bbox 877 2446 954 2490; x_wconf 92' lang='lat' dir='ltr'><strong>ea</strong></span> <span class='ocrx_word' id='word_1_202' title='bbox 992 2427 1444 2490; x_wconf 86' lang='lat' dir='ltr'><strong>convenienter</strong></span> <span class='ocrx_word' id='word_1_203' title='bbox 1486 2425 1730 2508; x_wconf 82' lang='lat' dir='ltr'><strong>vivere,</strong></span> <span class='ocrx_word' id='word_1_204' title='bbox 1776 2446 1923 2490; x_wconf 91' lang='lat' dir='ltr'><strong>cum</strong></span> <span class='ocrx_word' id='word_1_205' title='bbox 1967 2425 2033 2489; x_wconf 92' lang='lat' dir='ltr'><strong>id</strong></span> <span class='ocrx_word' id='word_1_206' title='bbox 2077 2426 2166 2490; x_wconf 88' lang='lat' dir='ltr'><strong>sit</strong></span> <span class='ocrx_word' id='word_1_207' title='bbox 2207 2427 2279 2492; x_wconf 90' lang='lat' dir='ltr'><strong>in</strong></span> 
     </span>
    </p>

    <p class='ocr_par' dir='ltr' id='par_1_8' title="bbox 47 2512 2278 2597">
     <span class='ocr_line' id='line_1_26' title="bbox 47 2512 2278 2597; baseline 0.001 -20"><span class='ocrx_word' id='word_1_208' title='bbox 47 2512 58 2523; x_wconf 83' lang='lat'><em>&#39;</em></span> <span class='ocrx_word' id='word_1_209' title='bbox 263 2512 576 2595; x_wconf 87' lang='lat' dir='ltr'><strong>sapientis</strong></span> <span class='ocrx_word' id='word_1_210' title='bbox 643 2513 840 2577; x_wconf 88' lang='lat' dir='ltr'><strong>situm</strong></span> <span class='ocrx_word' id='word_1_211' title='bbox 889 2533 1025 2578; x_wconf 87' lang='lat' dir='ltr'><strong>non</strong></span> <span class='ocrx_word' id='word_1_212' title='bbox 1079 2512 1292 2578; x_wconf 90' lang='lat' dir='ltr'><strong>officio</strong></span> <span class='ocrx_word' id='word_1_213' title='bbox 1347 2512 1587 2597; x_wconf 90' lang='lat' dir='ltr'><strong>solum,</strong></span> <span class='ocrx_word' id='word_1_214' title='bbox 1643 2532 1869 2576; x_wconf 83' lang='lat' dir='ltr'><strong>verum</strong></span> <span class='ocrx_word' id='word_1_215' title='bbox 1923 2513 2119 2577; x_wconf 91' lang='lat' dir='ltr'><strong>etiam</strong></span> <span class='ocrx_word' id='word_1_216' title='bbox 2163 2534 2278 2596; x_wconf 90' lang='lat' dir='ltr'><strong>po-</strong></span> 
     </span>
    </p>

    <p class='ocr_par' dir='ltr' id='par_1_9' title="bbox 259 2599 2281 2773">
     <span class='ocr_line' id='line_1_27' title="bbox 259 2599 2281 2685; baseline 0 -21"><span class='ocrx_word' id='word_1_217' title='bbox 259 2603 527 2684; x_wconf 87' lang='lat' dir='ltr'><strong>testate,</strong></span> <span class='ocrx_word' id='word_1_218' title='bbox 583 2603 889 2685; x_wconf 87' lang='lat' dir='ltr'><strong>sequatur</strong></span> <span class='ocrx_word' id='word_1_219' title='bbox 940 2621 1201 2665; x_wconf 90' lang='lat' dir='ltr'><strong>necesse</strong></span> <span class='ocrx_word' id='word_1_220' title='bbox 1255 2603 1382 2685; x_wconf 91' lang='lat' dir='ltr'><strong>est,</strong></span> <span class='ocrx_word' id='word_1_221' title='bbox 1432 2602 1531 2678; x_wconf 86' lang='lat' dir='ltr'><strong>ut,</strong></span> <span class='ocrx_word' id='word_1_222' title='bbox 1597 2599 1775 2677; x_wconf 85' lang='lat' dir='ltr'><strong>cuius</strong></span> <span class='ocrx_word' id='word_1_223' title='bbox 1828 2600 1899 2664; x_wconf 87' lang='lat' dir='ltr'><strong>in</strong></span> <span class='ocrx_word' id='word_1_224' title='bbox 1955 2603 2281 2684; x_wconf 87' lang='lat' dir='ltr'><strong>potestate</strong></span> 
     </span>
     <span class='ocr_line' id='line_1_28' title="bbox 262 2687 2279 2773; baseline 0 -20"><span class='ocrx_word' id='word_1_225' title='bbox 262 2710 582 2753; x_wconf 90' lang='lat' dir='ltr'><strong>summum</strong></span> <span class='ocrx_word' id='word_1_226' title='bbox 634 2688 903 2773; x_wconf 90' lang='lat' dir='ltr'><strong>bonum,</strong></span> <span class='ocrx_word' id='word_1_227' title='bbox 956 2687 1027 2752; x_wconf 87' lang='lat' dir='ltr'><strong>in</strong></span> <span class='ocrx_word' id='word_1_228' title='bbox 1080 2687 1364 2753; x_wconf 87' lang='lat' dir='ltr'><strong>eiusdem</strong></span> <span class='ocrx_word' id='word_1_229' title='bbox 1416 2688 1557 2753; x_wconf 81' lang='lat' dir='ltr'><strong>vita</strong></span> <span class='ocrx_word' id='word_1_230' title='bbox 1612 2688 1809 2752; x_wconf 89' lang='lat' dir='ltr'><strong>beata</strong></span> <span class='ocrx_word' id='word_1_231' title='bbox 1862 2687 1965 2751; x_wconf 85' lang='lat' dir='ltr'><strong>sit.</strong></span> <span class='ocrx_word' id='word_1_232' title='bbox 2053 2687 2158 2753; x_wconf 87' lang='lat' dir='ltr'><strong>Ita</strong></span> <span class='ocrx_word' id='word_1_233' title='bbox 2201 2690 2279 2753; x_wconf 92' lang='lat' dir='ltr'><strong>fit</strong></span> 
     </span>
    </p>

    <p class='ocr_par' dir='ltr' id='par_1_10' title="bbox 40 2774 2277 2875">
     <span class='ocr_line' id='line_1_29' title="bbox 40 2774 2277 2875; baseline 0 -34"><span class='ocrx_word' id='word_1_234' title='bbox 40 2839 56 2875; x_wconf 38' lang='lat' dir='ltr'>f</span> <span class='ocrx_word' id='word_1_235' title='bbox 263 2797 516 2860; x_wconf 90' lang='lat' dir='ltr'><strong>semper</strong></span> <span class='ocrx_word' id='word_1_236' title='bbox 569 2776 708 2842; x_wconf 81' lang='lat' dir='ltr'><strong>vita</strong></span> <span class='ocrx_word' id='word_1_237' title='bbox 760 2776 953 2841; x_wconf 89' lang='lat' dir='ltr'><strong>beata</strong></span> <span class='ocrx_word' id='word_1_238' title='bbox 998 2776 1325 2859; x_wconf 79' lang='lat' dir='ltr'><strong>sapientie.</strong></span> <span class='ocrx_word' id='word_1_239' title='bbox 1413 2774 1659 2858; x_wconf 77' lang='lat' dir='ltr'><strong>HabeS,</strong></span> <span class='ocrx_word' id='word_1_240' title='bbox 1715 2796 1877 2860; x_wconf 86' lang='lat' dir='ltr'><strong>quae</strong></span> <span class='ocrx_word' id='word_1_241' title='bbox 1922 2774 2277 2841; x_wconf 88' lang='lat' dir='ltr'><strong>fortissime</strong></span> 
     </span>
    </p>

    <p class='ocr_par' dir='ltr' id='par_1_11' title="bbox 39 2861 2278 2951">
     <span class='ocr_line' id='line_1_30' title="bbox 39 2861 2278 2951; baseline 0.002 -26"><span class='ocrx_word' id='word_1_242' title='bbox 39 2869 55 2951; x_wconf 56' lang='lat' dir='ltr'>J</span> <span class='ocrx_word' id='word_1_243' title='bbox 177 2885 236 2925; x_wconf 79' lang='lat'><strong>30</strong></span> <span class='ocrx_word' id='word_1_244' title='bbox 263 2865 340 2929; x_wconf 88' lang='lat' dir='ltr'><strong>de</strong></span> <span class='ocrx_word' id='word_1_245' title='bbox 384 2865 580 2928; x_wconf 88' lang='lat' dir='ltr'><strong>beata</strong></span> <span class='ocrx_word' id='word_1_246' title='bbox 623 2863 762 2928; x_wconf 83' lang='lat' dir='ltr'><strong>vita</strong></span> <span class='ocrx_word' id='word_1_247' title='bbox 807 2864 934 2928; x_wconf 89' lang='lat' dir='ltr'><strong>dici</strong></span> <span class='ocrx_word' id='word_1_248' title='bbox 978 2868 1202 2947; x_wconf 89' lang='lat' dir='ltr'><strong>putem</strong></span> <span class='ocrx_word' id='word_1_249' title='bbox 1246 2867 1338 2948; x_wconf 92' lang='lat' dir='ltr'><strong>et,</strong></span> <span class='ocrx_word' id='word_1_250' title='bbox 1383 2885 1509 2949; x_wconf 93' lang='lat' dir='ltr'><strong>quo</strong></span> <span class='ocrx_word' id='word_1_251' title='bbox 1548 2861 1739 2928; x_wconf 92' lang='lat' dir='ltr'><strong>modo</strong></span> <span class='ocrx_word' id='word_1_252' title='bbox 1775 2884 1945 2928; x_wconf 91' lang='lat' dir='ltr'><strong>nunc</strong></span> <span class='ocrx_word' id='word_1_253' title='bbox 1989 2868 2105 2948; x_wconf 87' lang='lat' dir='ltr'><strong>est,</strong></span> <span class='ocrx_word' id='word_1_254' title='bbox 2149 2864 2278 2929; x_wconf 88' lang='lat' dir='ltr'><strong>nisi</strong></span> 
     </span>
    </p>

    <p class='ocr_par' dir='ltr' id='par_1_12' title="bbox 40 2950 1816 3036">
     <span class='ocr_line' id='line_1_31' title="bbox 40 2950 1816 3036; baseline 0 -21"><span class='ocrx_word' id='word_1_255' title='bbox 40 2961 52 2975; x_wconf 66' lang='lat'>²</span> <span class='ocrx_word' id='word_1_256' title='bbox 261 2950 414 3036; x_wconf 89' lang='lat' dir='ltr'><strong>quid</strong></span> <span class='ocrx_word' id='word_1_257' title='bbox 457 2955 531 3017; x_wconf 90' lang='lat' dir='ltr'><strong>tu</strong></span> <span class='ocrx_word' id='word_1_258' title='bbox 575 2951 809 3016; x_wconf 87' lang='lat' dir='ltr'><strong>melius</strong></span> <span class='ocrx_word' id='word_1_259' title='bbox 857 2952 1179 3036; x_wconf 88' lang='lat' dir='ltr'><strong>attuleris,</strong></span> <span class='ocrx_word' id='word_1_260' title='bbox 1225 2952 1425 3017; x_wconf 89' lang='lat' dir='ltr'><strong>etiam</strong></span> <span class='ocrx_word' id='word_1_261' title='bbox 1468 2950 1816 3016; x_wconf 87' lang='lat' dir='ltr'><strong>verissime.</strong></span> 
     </span>
    </p>

    <p class='ocr_par' dir='ltr' id='par_1_13' title="bbox 259 3036 2380 3212">
     <span class='ocr_line' id='line_1_32' title="bbox 389 3036 2380 3124; baseline -0.001 -21"><span class='ocrx_word' id='word_1_262' title='bbox 389 3039 473 3104; x_wconf 79' lang='lat' dir='ltr'><strong>A.</strong></span> <span class='ocrx_word' id='word_1_263' title='bbox 526 3038 763 3104; x_wconf 88' lang='lat' dir='ltr'><strong>Melius</strong></span> <span class='ocrx_word' id='word_1_264' title='bbox 801 3039 1092 3124; x_wconf 91' lang='lat' dir='ltr'><strong>equidem</strong></span> <span class='ocrx_word' id='word_1_265' title='bbox 1130 3039 1381 3104; x_wconf 86' lang='lat' dir='ltr'><strong>adferre</strong></span> <span class='ocrx_word' id='word_1_266' title='bbox 1420 3038 1587 3104; x_wconf 90' lang='lat' dir='ltr'><strong>nihil</strong></span> <span class='ocrx_word' id='word_1_267' title='bbox 1630 3060 1923 3124; x_wconf 88' lang='lat' dir='ltr'><strong>possum,</strong></span> <span class='ocrx_word' id='word_1_268' title='bbox 1969 3038 2082 3105; x_wconf 93' lang='lat' dir='ltr'><strong>sed</strong></span> <span class='ocrx_word' id='word_1_269' title='bbox 2127 3062 2167 3104; x_wconf 89' lang='lat' dir='ltr'><strong>a</strong></span> <span class='ocrx_word' id='word_1_270' title='bbox 2210 3043 2277 3104; x_wconf 86' lang='lat' dir='ltr'><strong>te</strong></span> <span class='ocrx_word' id='word_1_271' title='bbox 2294 3036 2380 3101; x_wconf 87' lang='lat'><strong>29</strong></span> 
     </span>
     <span class='ocr_line' id='line_1_33' title="bbox 259 3126 2279 3212; baseline 0.002 -23"><span class='ocrx_word' id='word_1_272' title='bbox 259 3126 660 3209; x_wconf 86' lang='lat' dir='ltr'><strong>impetrarim</strong></span> <span class='ocrx_word' id='word_1_273' title='bbox 713 3127 1036 3212; x_wconf 88' lang='lat' dir='ltr'><strong>lubenter,</strong></span> <span class='ocrx_word' id='word_1_274' title='bbox 1089 3131 1192 3210; x_wconf 90' lang='lat' dir='ltr'><strong>ut,</strong></span> <span class='ocrx_word' id='word_1_275' title='bbox 1244 3127 1374 3192; x_wconf 88' lang='lat' dir='ltr'><strong>nisi</strong></span> <span class='ocrx_word' id='word_1_276' title='bbox 1416 3126 1762 3192; x_wconf 85' lang='lat' dir='ltr'><strong>molestum</strong></span> <span class='ocrx_word' id='word_1_277' title='bbox 1808 3128 1919 3210; x_wconf 86' lang='lat' dir='ltr'><strong>sit,</strong></span> <span class='ocrx_word' id='word_1_278' title='bbox 1974 3126 2279 3211; x_wconf 89' lang='lat' dir='ltr'><strong>quoniam</strong></span> 
     </span>
    </p>

    <p class='ocr_par' dir='ltr' id='par_1_14' title="bbox 43 3213 2277 3300">
     <span class='ocr_line' id='line_1_34' title="bbox 43 3213 2277 3300; baseline 0 -23"><span class='ocrx_word' id='word_1_279' title='bbox 43 3290 50 3300; x_wconf 94' lang='lat'><em>.</em></span> <span class='ocrx_word' id='word_1_280' title='bbox 257 3218 326 3277; x_wconf 89' lang='lat' dir='ltr'><strong>te</strong></span> <span class='ocrx_word' id='word_1_281' title='bbox 387 3213 569 3279; x_wconf 88' lang='lat' dir='ltr'><strong>nulla</strong></span> <span class='ocrx_word' id='word_1_282' title='bbox 631 3213 889 3280; x_wconf 85' lang='lat' dir='ltr'><strong>vincula</strong></span> <span class='ocrx_word' id='word_1_283' title='bbox 950 3215 1310 3299; x_wconf 89' lang='lat' dir='ltr'><strong>impediunt</strong></span> <span class='ocrx_word' id='word_1_284' title='bbox 1365 3214 1561 3279; x_wconf 85' lang='lat' dir='ltr'><strong>ullius</strong></span> <span class='ocrx_word' id='word_1_285' title='bbox 1625 3218 1837 3281; x_wconf 89' lang='lat' dir='ltr'><strong>certae</strong></span> <span class='ocrx_word' id='word_1_286' title='bbox 1902 3214 2277 3297; x_wconf 88' lang='lat' dir='ltr'><strong>disciplinae</strong></span> 
     </span>
    </p>

    <p class='ocr_par' dir='ltr' id='par_1_15' title="bbox 40 3302 2275 3389">
     <span class='ocr_line' id='line_1_35' title="bbox 40 3302 2275 3389; baseline 0 -22"><span class='ocrx_word' id='word_1_287' title='bbox 40 3320 52 3389; x_wconf 70' lang='lat' dir='ltr'><strong>j</strong></span> <span class='ocrx_word' id='word_1_288' title='bbox 171 3324 230 3367; x_wconf 77' lang='lat'><strong>85</strong></span> <span class='ocrx_word' id='word_1_289' title='bbox 258 3302 549 3386; x_wconf 88' lang='lat' dir='ltr'><strong>libasque</strong></span> <span class='ocrx_word' id='word_1_290' title='bbox 605 3324 683 3367; x_wconf 88' lang='lat' dir='ltr'><strong>ex</strong></span> <span class='ocrx_word' id='word_1_291' title='bbox 737 3302 1064 3386; x_wconf 90' lang='lat' dir='ltr'><strong>omnibus,</strong></span> <span class='ocrx_word' id='word_1_292' title='bbox 1118 3302 1561 3387; x_wconf 89' lang='lat' dir='ltr'><strong>quodcumque</strong></span> <span class='ocrx_word' id='word_1_293' title='bbox 1615 3306 1682 3368; x_wconf 90' lang='lat' dir='ltr'><strong>te</strong></span> <span class='ocrx_word' id='word_1_294' title='bbox 1736 3302 2014 3367; x_wconf 84' lang='lat' dir='ltr'><strong>maxime</strong></span> <span class='ocrx_word' id='word_1_295' title='bbox 2066 3304 2275 3385; x_wconf 91' lang='lat' dir='ltr'><strong>specie</strong></span> 
     </span>
    </p>

    <p class='ocr_par' dir='ltr' id='par_1_16' title="bbox 257 3389 2275 3475">
     <span class='ocr_line' id='line_1_36' title="bbox 257 3389 2275 3475; baseline 0 -20"><span class='ocrx_word' id='word_1_296' title='bbox 257 3390 554 3455; x_wconf 86' lang='lat' dir='ltr'><strong>veritatis</strong></span> <span class='ocrx_word' id='word_1_297' title='bbox 630 3393 875 3473; x_wconf 85' lang='lat' dir='ltr'><strong>movet,</strong></span> <span class='ocrx_word' id='word_1_298' title='bbox 935 3426 1025 3437; x_wconf 93' lang='lat'><strong>—</strong></span> <span class='ocrx_word' id='word_1_299' title='bbox 1084 3390 1257 3475; x_wconf 91' lang='lat' dir='ltr'><strong>quod</strong></span> <span class='ocrx_word' id='word_1_300' title='bbox 1316 3390 1512 3473; x_wconf 92' lang='lat' dir='ltr'><strong>paulo</strong></span> <span class='ocrx_word' id='word_1_301' title='bbox 1587 3393 1734 3454; x_wconf 84' lang='lat' dir='ltr'><strong>ante</strong></span> <span class='ocrx_word' id='word_1_302' title='bbox 1806 3389 2275 3473; x_wconf 88' lang='lat' dir='ltr'><strong>Peripateticos</strong></span> 
     </span>
    </p>

    <p class='ocr_par' dir='ltr' id='par_1_17' title="bbox 40 3468 2277 3566">
     <span class='ocr_line' id='line_1_37' title="bbox 40 3468 2277 3566; baseline 0 -23"><span class='ocrx_word' id='word_1_303' title='bbox 40 3468 52 3509; x_wconf 38' lang='grc' dir='ltr'>ι</span> <span class='ocrx_word' id='word_1_304' title='bbox 255 3481 664 3566; x_wconf 80' lang='lat' dir='ltr'><strong>veteremque</strong></span> <span class='ocrx_word' id='word_1_305' title='bbox 717 3477 1136 3545; x_wconf 88' lang='lat' dir='ltr'><strong>Academiam</strong></span> <span class='ocrx_word' id='word_1_306' title='bbox 1187 3478 1437 3544; x_wconf 87' lang='lat' dir='ltr'><strong>hortari</strong></span> <span class='ocrx_word' id='word_1_307' title='bbox 1490 3476 1822 3564; x_wconf 86' lang='lat' dir='ltr'><strong>videbare,</strong></span> <span class='ocrx_word' id='word_1_308' title='bbox 1878 3480 1953 3542; x_wconf 92' lang='lat' dir='ltr'><strong>ut</strong></span> <span class='ocrx_word' id='word_1_309' title='bbox 1998 3479 2133 3543; x_wconf 87' lang='lat' dir='ltr'><strong>sine</strong></span> <span class='ocrx_word' id='word_1_310' title='bbox 2177 3498 2277 3543; x_wconf 88' lang='lat' dir='ltr'><strong>re·</strong></span> 
     </span>
    </p>
   </div>
  </div>
 </body>
</html>
