2609 3884
251 2336 321 2384 22

249 3484 318 3533 23

361 140 496 206 210
693 140 791 195 DE
827 138 1119 195 FINIBUS
1153 138 1514 196 BONORUM
1548 138 1644 194 ET
1680 137 2046 193 MALORUM

363 304 474 369 sed
520 303 730 388 magis
779 301 1182 385 sumendam3
1238 322 1509 386 eumque
1563 302 1707 385 ipsa
1750 300 1955 365 virtus
2003 300 2249 365 efficiat
2290 301 2387 365 ita

361 393 622 458 beatam
687 392 922 473 vitam,
983 392 1058 454 ut
1128 390 1382 455 beatior
1454 411 1593 454 esse
1660 410 1795 453 non
1855 388 2090 472 possit,
2162 392 2386 454 tamen

364 479 676 565 quaedam
713 479 934 544 deesse
973 478 1373 561 sapientibus
1410 481 1577 560 tum,
1624 498 1770 541 cum
1818 478 1953 541 sint
1990 477 2383 561 beatissimi3

363 569 580 652 itaque
627 588 738 631 eos
781 567 851 631 id
899 587 1114 651 agere,
1161 569 1236 631 ut
1279 588 1321 630 a
1366 587 1433 631 se
1479 565 1761 648 dolores,
1807 566 2069 630 morbos
2079 615 2098 649 ,
2154 565 2383 629 debili-

362 658 530 721 tates
575 655 912 740 repellant.
1714 700 1719 704 -
2413 676 2445 718 5

496 743 550 808 Ο
620 763 928 827 magnam
989 742 1121 806 vim
1183 740 1428 825 ingenii
1490 762 1878 826 causamque
1940 742 2209 825 iustam,
2274 762 2387 805 cur

361 853 530 897 nova
585 832 922 895 exsisteret
975 828 1348 912 disciplina!
1439 828 1643 914 Perge
1668 884 1671 887 Δ
1697 851 1913 912 porr0.
2018 826 2386 913 Sequuntur

363 920 537 984 enim
585 941 686 1002 ea,
733 940 898 1003 quae
933 921 1009 983 tu
1055 917 1484 982 scientissime
1532 918 1904 1001 complexus
1952 938 2047 996 esi,
2094 918 2387 983 omnium

361 1007 826 1092 insipientiam,
861 1005 1271 1091 iniustitiam,
1306 1005 1436 1070 alia
1471 1006 1634 1071 vitia
1666 1006 1911 1070 similia
1947 1027 2105 1089 esse,
2141 1005 2386 1071 omnia-

362 1116 485 1180 que
538 1098 807 1179 peccata
852 1115 992 1159 esse
1046 1093 1259 1177 paria,
1318 1115 1580 1178 eosque,
1630 1094 1742 1177 qui
1785 1098 2021 1159 natura
2065 1093 2385 1158 doctrina·
2416 1119 2475 1159 10

362 1204 483 1267 que
537 1183 732 1267 longe
789 1181 872 1247 ad
925 1182 1232 1247 virtutem
1276 1182 1772 1266 processissent,
1824 1182 1954 1247 nisi
2000 1202 2140 1247 eam
2189 1182 2385 1265 plane

362 1272 687 1335 consecuti
751 1274 992 1354 essent,
1057 1292 1304 1335 summe
1370 1292 1511 1335 esse
1574 1270 1877 1353 miseros,
1940 1288 2147 1354 neque
2211 1271 2388 1335 inter

361 1380 584 1423 eorum
637 1358 844 1423 vitam
898 1362 964 1423 et
1016 1357 1650 1442 improbissimorum
1713 1358 2055 1443 quicquam
2117 1358 2385 1423 omnino

359 1446 700 1529 interesse,
762 1449 838 1511 ut
889 1446 1107 1530 Plato,
1167 1449 1389 1511 tantus
1454 1447 1563 1510 ille
1623 1446 1751 1530 vir,
1816 1446 1876 1511 si
1938 1447 2194 1529 sapiens
2250 1469 2387 1513 non

358 1534 584 1618 fuerit,
637 1534 845 1600 nihilo
900 1536 1130 1599 melius
1188 1556 1382 1619 quam
1429 1534 1638 1618 quivis
1694 1534 2213 1619 improbissimus
2260 1556 2384 1600 nec
2415 1558 2473 1601 ιε

360 1623 612 1687 beatius
675 1622 926 1688 vixerit.
1031 1622 1210 1687 Haec
1273 1623 1578 1687 videlicet
1640 1626 1740 1687 est
1805 1622 2118 1709 correctio
2172 1622 2386 1706 philo-

361 1710 630 1794 sophiae
692 1711 930 1775 veteris
996 1714 1063 1775 et
1124 1711 1518 1795 emendatio,
1584 1732 1747 1795 quae
1811 1711 2069 1777 omnino
2135 1710 2387 1775 aditum

358 1800 610 1866 nullum
653 1798 892 1863 habere
937 1802 1158 1881 potest
1201 1800 1272 1863 in
1318 1799 1572 1883 urbem,
1615 1800 1687 1863 in
1721 1799 1966 1883 forum,
2010 1800 2081 1864 in
2119 1800 2385 1865 curiam.

362 1885 521 1962 Quis
579 1887 752 1952 enim
804 1886 973 1951 ferre
1025 1891 1247 1971 posset
1311 1888 1407 1951 ita
1468 1888 1842 1972 loquentem
1905 1909 2079 1970 eum,
2144 1886 2254 1971 qui
2312 1910 2386 1952 se

361 1978 690 2039 auctorem
753 1975 929 2038 vitae
991 1975 1279 2059 graviter
1351 1978 1416 2038 et
1487 1975 1815 2058 sapienter
1882 1976 2168 2060 agendae
2232 1997 2379 2058 pro·
2410 2000 2470 2042 ιο

359 2062 676 2145 fiteretur,
730 2062 996 2127 nomina
1039 2084 1256 2126 rerum
1301 2066 1837 2142 commutantem,
1895 2084 2164 2147 cumque
2208 2063 2383 2128 idem

361 2150 632 2213 sentiret
684 2149 856 2233 quod
911 2171 1164 2233 omnes,
1219 2150 1450 2234 quibus
1506 2151 1699 2215 rebus
1756 2151 2025 2216 eandem
2078 2152 2211 2215 vim
2267 2153 2384 2216 tri-

358 2236 609 2320 bueret,
655 2238 786 2301 alia
830 2238 1099 2301 nomina
1140 2238 1609 2322 imponentem,
1653 2239 1857 2303 verba
1899 2239 2091 2304 modo
2130 2242 2385 2304 mutan·

359 2328 521 2408 tem,
576 2324 654 2389 de
708 2325 1120 2408 opinionibus
1176 2325 1343 2390 nihil
1394 2326 1883 2391 detrahentem?
1973 2325 2385 2392 Patronusne

361 2434 591 2478 causae
634 2412 705 2478 in
749 2412 1007 2498 epilogo
1054 2435 1173 2498 pro
1219 2435 1328 2478 reo
1378 2414 1594 2479 dicens
1635 2418 1909 2499 negaret
1950 2436 2091 2480 esse
2136 2416 2381 2481 malum
2412 2440 2469 2481 ετ,

361 2501 676 2584 exsilium,
711 2502 1218 2585 publicationem
1253 2502 1618 2568 bonorum?
1662 2503 1822 2568 haec
1856 2503 2179 2568 reicienda
2221 2525 2384 2587 esse,

357 2612 492 2655 non
517 2589 872 2675 fugienda?
899 2611 1020 2656 nec
1045 2590 1529 2656 misericordem
1557 2591 1833 2655 iudicem
1862 2612 2003 2656 esse
2032 2592 2383 2675 oportere?

358 2675 437 2742 In
466 2679 767 2743 contione
796 2682 1012 2743 autem
1050 2678 1108 2744 si
1143 2679 1534 2764 loqueretur,
1572 2680 1629 2744 si
1664 2678 2000 2745 Hannibal
2036 2679 2118 2744 ad
2155 2683 2382 2763 portas

358 2765 646 2830 venisset
690 2788 1069 2851 murumque
1113 2767 1327 2832 iaculo
1372 2768 1759 2851 traiecisset,
1812 2770 2086 2853 negaret
2128 2788 2267 2832 esse
2312 2768 2386 2832 in

359 2852 548 2916 malis
605 2854 777 2937 capi,
830 2856 1076 2938 venire,
1131 2856 1433 2939 interfici,
1486 2856 1768 2938 patriam
1822 2854 2167 2920 amittere}>
2276 2854 2385 2920 An
2411 2881 2468 2922 so

360 2943 650 3023 senatus,
711 2963 857 3005 eum
900 2942 1304 3025 triumphum
1352 2942 1662 3009 Africano
1708 2943 2103 3027 decerneret,
2150 2942 2383 3029 ‘quod

359 3026 520 3091 eius
598 3027 924 3092 virtute'
999 3033 1113 3093 aut
1186 3030 1643 3096 ‘felicitate'
1715 3035 1939 3115 posset
2011 3032 2254 3117 dicere,
2326 3032 2385 3097 si

357 3135 564 3197 neque
611 3115 818 3178 virtus
855 3116 927 3179 in
963 3116 1095 3181 ullo
1133 3117 1260 3180 nisi
1297 3118 1367 3181 in
1414 3119 1705 3202 sapiente
1739 3141 1859 3185 nec
1904 3120 2185 3185 felicitas
2230 3141 2383 3185 vere

359 3201 484 3266 dici
529 3202 792 3285 potest?
893 3202 1070 3279 Quae
1127 3208 1227 3269 est
1277 3206 1484 3289 igitur
1536 3206 1665 3273 ista
1718 3207 2170 3292 philosophia,
2216 3229 2383 3293 quae

359 3290 682 3353 communi
727 3310 905 3355 more
950 3292 1020 3355 in
1061 3291 1208 3358 foro
1245 3293 1560 3378 loquitur,
1605 3295 1675 3359 in
1710 3296 1950 3360 libellis
1989 3295 2151 3361 suo?
2196 3318 2383 3380 prae·
2409 3320 2461 3361 ³5

361 3378 586 3441 sertim
652 3399 822 3461 eum,
887 3380 1057 3463 quod
1113 3380 1214 3444 1111
1268 3382 1400 3446 suis
1455 3383 1670 3448 verbis
1729 3384 2126 3468 significent,
2179 3384 2251 3449 in
2306 3406 2384 3449 eo

355 3464 521 3529 nihil
567 3468 868 3545 novetur,
915 3467 1175 3537 eaedem
1220 3490 1325 3532 res
1371 3475 1678 3535 maneant
1722 3473 1851 3538 alio
1895 3472 2108 3537 modo.
2215 3472 2385 3549 Quid
