2609 3884
399 155 528 221 186
721 154 819 209 DE
855 154 1147 210 FINIBUS
1183 153 1547 209 BONORUM
1578 154 1678 209 ΕΤ
1714 152 2091 209 MALORUM

397 338 593 403 quam
627 318 745 382 illa
779 316 1019 400 media,
1066 338 1230 402 quae
1268 337 1346 380 ex
1388 337 1466 381 eo
1502 320 1978 399 comparentur.
2054 313 2429 381 Stultitiam

396 410 612 472 autem
649 409 716 470 et
758 405 1182 470 timiditatem
1219 408 1287 468 et
1319 404 1707 468 iniustitiam
1743 407 1809 467 et
1844 404 2432 488 intemperantiam

397 517 545 560 cum
599 494 871 559 dicimus
928 515 1071 558 esse
1125 492 1435 580 fugienda
1478 496 1745 576 propter
1788 513 1897 556 eas
1943 514 2079 575 res,
2135 514 2313 576 quae
2358 514 2433 556 ex

396 582 558 667 ipsis
612 583 941 666 eveniant,
999 602 1130 645 non
1183 582 1281 645 ita
1334 573 1639 657 dicimus,
1700 583 1777 643 ut
1831 601 1978 644 cum
2036 542 2190 663 illc,
2262 582 2433 665 quod

395 670 684 754 positum
740 674 862 754 est,
919 669 1129 734 solum
1187 668 1255 732 id
1311 689 1450 732 esse
1505 630 1775 753 malum,
1834 668 2011 753 quod
2067 673 2272 753 turpe
2329 670 2430 752 sit,
2452 694 2474 735 5

395 760 558 824 haec
599 778 888 843 pugnare
933 757 1228 823 videatur
1269 755 1507 834 oratio,
1552 760 1897 840 propterea
1941 755 2118 840 quod
2166 778 2253 821 ea
2298 778 2429 821 non

399 846 482 911 ad
534 846 826 930 corporis
879 844 1358 911 incommodum
1414 844 1805 928 referuntur,
1869 844 1983 909 sed
2048 843 2133 908 ad
2198 847 2427 929 turpes

252 926 268 944 ⁰
399 935 712 1013 actiones,
765 955 930 1017 quae
984 933 1279 998 oriuntur
1333 954 1369 996 e
1422 932 1617 997 vitiis.
1717 931 1891 1007 Quas
1948 933 2126 997 enim
2187 936 2431 1008 κακίας

293 1181 379 1307 ἑ2

289 3064 359 3112 41

399 1022 629 1087 Graeci
693 1021 1049 1105 appellant,
1108 1020 1309 1086 vitia
1371 1020 1541 1084 malo
1607 1040 1804 1104 quam
1876 1019 2238 1085 malitias
2315 1044 2427 1086 no-

400 1131 665 1174 minare.
2453 1135 2495 1174 10

528 1197 630 1264 Ne
690 1200 792 1274 tu,
859 1197 1148 1282 inquam,
1219 1193 1385 1262 Cato
1395 1245 1412 1279 ,
1483 1196 1697 1262 verbis
1760 1196 2126 1261 illustribus
2190 1200 2269 1261 et
2342 1197 2428 1280 id,

399 1285 572 1371 quod
614 1285 741 1369 viS,
786 1285 1294 1351 declarantibus!
1392 1283 1621 1367 Itaque
1676 1284 1841 1349 mihi
1892 1284 2134 1349 videris
2180 1283 2427 1349 Latine

397 1374 624 1440 docere
668 1372 1150 1457 philosophiam
1196 1374 1265 1435 et
1309 1372 1368 1437 ei
1414 1372 1601 1457 quasi
1646 1372 1978 1437 civitatem
2023 1372 2203 1457 dare3
2256 1395 2427 1457 quae

398 1463 654 1547 quidem
691 1461 901 1526 adhuc
935 1460 1337 1545 peregrinari
1371 1459 1619 1525 Romae
1656 1460 1995 1526 videbatur
2028 1481 2151 1525 nec
2188 1462 2427 1525 offerre

399 1573 540 1616 sese
575 1551 816 1616 nostris
854 1549 1285 1632 sermonibus,
1329 1552 1399 1612 et
1438 1548 1568 1612 ista
1603 1548 1883 1613 maxime
1918 1552 2187 1632 propter
2228 1550 2425 1614 lima·
2448 1573 2491 1615 ιε

397 1642 536 1703 tam
583 1638 906 1723 quandam
943 1640 1010 1702 et
1043 1658 1262 1701 rerum
1303 1640 1371 1701 et
1404 1636 1747 1701 verborum
1788 1637 2195 1701 tenuitatem.
2273 1636 2423 1702 Scio

395 1727 570 1791 enim
627 1748 767 1791 esse
823 1724 1163 1809 quosdam,
1224 1724 1333 1807 qui
1390 1724 1615 1807 quavis
1678 1724 1903 1808 lingua
1964 1724 2423 1809 philosophari

396 1815 678 1899 possint3
723 1814 926 1879 nullis
964 1813 1139 1877 enim
1172 1811 1663 1895 partitionibus,
1697 1812 1893 1877 nullis
1928 1812 2421 1879 definitionibus

397 1907 668 1968 utuntur
729 1902 982 1985 ipsique
1041 1900 1262 1964 dicunt
1322 1921 1399 1964 ea
1452 1922 1521 1964 se
1574 1898 1767 1965 modo
1819 1900 2125 1985 probare,
2185 1902 2419 1985 quibus

397 1994 634 2055 natura
693 1990 895 2079 tacita
957 1988 1366 2053 assentiatur.
1469 1986 1696 2072 Itaque
1759 1988 1828 2052 in
1889 1988 2085 2052 rebus
2148 1989 2417 2054 minime
2442 2016 2481 2055 κο

399 2077 690 2143 obscuris
743 2098 876 2141 11011
933 2077 1174 2141 multus
1231 2078 1332 2139 est
1384 2076 1557 2159 apud
1618 2097 1728 2141 eos
1793 2075 2151 2141 disserendi
2214 2078 2417 2142 labor.

399 2165 614 2243 Quare
668 2158 931 2229 attendo
984 2167 1054 2228 te
1111 2162 1398 2229 studiose
1442 2167 1536 2247 et,
1594 2185 2030 2248 quaecumque
2073 2165 2269 2229 rebus
2316 2166 2417 2249 iis,

398 2254 477 2317 de
523 2253 756 2337 quibus
801 2252 908 2317 hic
953 2273 1165 2317 sermo
1212 2254 1338 2336 est,
1391 2252 1660 2316 nomina
1702 2253 2011 2337 imponis,
2064 2255 2417 2319 memoriae

397 2341 653 2406 mando.
769 2339 935 2404 Mihi
999 2340 1171 2405 enim
1243 2340 1369 2404 erit
1446 2339 1649 2404 isdem
1718 2340 1865 2405 istis
1940 2340 2225 2407 fortasse
2286 2342 2414 2407 iam

401 2430 730 2495 utendum.
829 2426 1202 2492 Virtutibus
1265 2428 1473 2511 igitur
1532 2428 1891 2493 rectissime
1952 2429 2116 2493 1111111
2176 2429 2412 2494 videris
2436 2454 2482 2495 2⁵

399 2521 468 2583 et
512 2518 592 2582 ad
638 2512 1166 2583 consuetudinem
1208 2518 1474 2579 nostrae
1533 2516 1846 2581 orationis
1898 2516 2063 2581 vitia
2120 2518 2412 2601 posuisse

399 2606 741 2672 contraria.
834 2603 1021 2680 Quod
1067 2604 1238 2667 enim
1283 2602 1713 2687 vituperabile
1758 2607 1859 2669 est
1905 2626 2023 2687 per
2068 2624 2140 2669 se
2183 2606 2411 2689 ipsum,

397 2694 464 2758 id
508 2715 584 2758 eo
629 2695 772 2778 ipso
818 2693 1048 2758 vitium
1090 2691 1502 2757 nominatum
1548 2695 1737 2776 puto,
1780 2692 1884 2757 vel
1922 2692 2122 2756 etiam
2168 2715 2210 2757 a
2252 2694 2408 2759 vitio

399 2780 642 2845 dictum
687 2781 1058 2863 vituperari.
1149 2778 1263 2844 Sin
1305 2783 1544 2843 κακίαν
1598 2780 1916 2845 malitiam
1974 2779 2277 2865 dixisses,
2332 2781 2409 2845 ad

400 2866 580 2931 aliud
641 2889 761 2932 nos
837 2889 1036 2931 unum
1110 2871 1359 2932 certum
1419 2868 1651 2932 vitium
1714 2868 2108 2933 consuetudo
2180 2869 2409 2933 Latina
2430 2894 2477 2933 ω

397 2954 782 3019 traduceret.
878 2952 1066 3019 Nunc
1121 2956 1300 3019 omni
1353 2956 1583 3020 virtuti
1632 2956 1864 3021 vitium
1917 2958 2243 3021 contrario
2299 2979 2405 3021 no-

399 3043 570 3107 mine
634 3040 1000 3124 opponitur.
1106 3042 1272 3107 'I'um
1335 3043 1477 3108 ille:
1538 3042 1662 3107 His
1734 3044 1937 3127 igitur
2005 3046 2103 3109 ita
2163 3046 2404 3128 positis,

397 3129 632 3213 inquit,
689 3128 980 3212 sequitur
1031 3150 1272 3213 magna
1328 3132 1684 3215 contentio,
1732 3148 1922 3215 quam
1976 3136 2327 3197 tractatam
2368 3154 2403 3195 a

396 3216 846 3300 Peripateticis
901 3218 1163 3283 mollius
1212 3254 1296 3264 —-
1346 3217 1475 3303 (est
1518 3220 1689 3285 enim
1746 3240 1971 3283 eorum
2016 3220 2400 3286 consuetudo

396 3304 650 3368 dicendi
708 3326 842 3368 non
903 3306 1062 3368 satis
1125 3308 1317 3369 acuta
1368 3311 1632 3405 propter
1683 3307 2163 3391 ignorationem
2218 3309 2397 3373 diale-
2420 3328 2464 3371 ss

397 3388 627 3474 eticae)
676 3388 1038 3455 Carneades
1082 3394 1234 3453 'tuus
1299 3395 1561 3475 egregia
1625 3394 1899 3476 quadam
1954 3396 2398 3460 exercitatione

395 3477 465 3540 in
510 3477 858 3541 dialecticis
915 3497 1290 3558 summaque
1348 3478 1717 3560 eloquentia
1769 3502 1909 3544 rem
1962 3482 2030 3545 in
2090 3503 2397 3547 summum
