2609 3884
709 191 925 248 LIB.1.
983 190 1350 255 cAP.1—,3.
1408 198 1439 258 ς
1476 198 1650 248 3-8.
2043 166 2049 173 ’
2105 194 2194 260 95

158 374 331 439 quae
386 366 454 418 et
507 352 843 437 splendide
887 352 1063 418 dicta
1116 353 1251 417 sint
1301 374 1510 437 neque
1566 354 1701 419 sint
1757 376 2070 421 conversa
2114 356 2190 421 de

159 440 478 507 Graecis?
557 440 732 505 Nam
778 442 836 506 si
881 440 1097 506 dicent
1142 441 1224 505 ab
1269 442 1402 506 illis
1448 442 1567 507 has
1612 463 1717 506 res
1766 464 1908 508 esse
1951 448 2188 510 tracta-
2285 488 2293 493 -

156 532 264 595 tas
273 580 292 613 ‚
356 551 440 595 ne
499 530 684 614 ipsos
745 529 1004 613 quidem
1068 528 1353 595 Graecos
1417 533 1519 594 est
1580 551 1693 595 cur
1752 534 1894 595 tam
1946 532 2187 598 multos

158 619 416 703 legant,
471 640 667 702 quam
719 617 980 703 legendi
1033 621 1203 683 sunt.
1293 616 1465 693 Quid
1521 618 1693 683 enim
1752 623 1853 683 est
1898 640 1939 683 a
1984 618 2188 705 Chry-

105 731 132 771 5
161 707 357 790 sippo
430 706 959 789 praetermissum
1027 705 1098 769 in
1173 702 1407 769 Stoicis
1428 704 1463 769 ⁴?
1579 704 1888 792 Legimus
1969 712 2187 773 tamen

157 792 525 878 Diogenem
544 845 562 876 ,
650 794 1070 877 Antipatrum
1088 844 1107 877 ,
1195 791 1650 858 Mnesarchum
1668 845 1689 878 ,
1786 794 2188 882 Panaetium,

158 882 406 946 multos
463 882 626 947 alios
688 882 762 945 in
822 881 1176 965 primisque
1218 880 1610 946 familiarem
1664 886 1961 947 nostrum
2005 883 2187 951 Posi-

159 970 451 1035 donium.
525 968 736 1046 Quid?
813 968 1303 1052 Theophrastus
1350 969 1842 1035 mediocriterne
1889 971 2185 1055 delectat,

160 1079 311 1122 cum
355 1061 600 1123 tractat
641 1058 821 1122 locos
868 1057 952 1122 ab
988 1056 1343 1121 Aristotele
1382 1061 1532 1122 ante
1575 1058 1937 1123 tractatos?
1984 1060 2184 1144 quid?

81 1172 132 1211 ιο
157 1144 473 1229 Epicurei
521 1167 698 1227 nums
733 1146 1054 1210 desistunt
1106 1145 1186 1209 de
1240 1146 1496 1229 iisdem,
1553 1143 1632 1209 de
1686 1140 1935 1230 quibus'
1976 1152 2043 1212 et
2100 1151 2183 1216 ab

158 1234 450 1317 Epicuro
515 1233 830 1316 scriptum
893 1237 996 1298 est
1057 1237 1124 1297 et
1181 1234 1264 1297 ab
1322 1232 1637 1317 antiquis,
1700 1233 1781 1298 ad
1844 1236 2184 1302 arbitrium

161 1345 353 1386 suum
419 1319 745 1387 scribere?
855 1320 1100 1397 Quodsi
1153 1319 1384 1385 Graeci
1447 1320 1753 1405 leguntur
1816 1344 1855 1387 a
1920 1321 2183 1390 Graecis

157 1409 396 1475 iisdem
439 1409 517 1475 de
561 1409 757 1475 rebus
795 1408 925 1473 alia
969 1408 1220 1474 ratione
1259 1408 1637 1493 compositis
1646 1458 1665 1493 ,
1714 1410 1867 1493 quid
1912 1416 2027 1497 est,
2072 1435 2185 1479 cur

159 1498 374 1563 nostri
420 1519 461 1562 a
501 1498 744 1563 nostris
788 1518 920 1561 non
964 1496 1309 1581 legantur?

81 1610 131 1649 ιε
295 1586 730 1670 Quamquam,
783 1585 841 1649 si
898 1585 1092 1670 plane
1146 1586 1240 1650 sic
1292 1588 1615 1650 verterem
1666 1584 2011 1652 Platonem
2070 1594 2185 1655 aut
2220 1562 2262 1687 ἓ

163 1674 611 1755 Aristotelem,
654 1677 730 1738 ut
771 1676 1104 1738 verterunt
1136 1674 1347 1738 nostri
1394 1676 1626 1757 poetae
1668 1671 1949 1758 fabulas,
1993 1676 2184 1761 male,

161 1762 381 1845 credo,
435 1782 717 1825 mererer
767 1760 846 1826 de
898 1760 1062 1825 meis
1117 1761 1395 1844 civibus,
1452 1761 1507 1825 si
1562 1759 1643 1825 ad
1698 1782 1919 1827 eorum
1964 1766 2181 1849 cogni-

159 1851 408 1915 tionem
454 1849 672 1913 divina
714 1848 833 1913 illa
875 1849 1140 1933 ingenia
1182 1848 1622 1915 transferrem.
1696 1846 1820 1914 Sed
1864 1849 1933 1914 id
1975 1872 2181 1936 neque

159 1937 287 2003 feci
342 1937 551 2002 adhuc
607 1958 728 2001 nec
783 1936 946 2001 mihi
999 1941 1244 2019 tamen,
1310 1958 1393 2001 ne
1446 1937 1713 2020 faciam,
1766 1938 2183 2015 interdictum

81 2049 132 2087 20
158 2028 338 2108 puto.
445 2025 653 2090 Locos
713 2026 970 2109 quidem
1033 2025 1374 2109 quosdam,
1439 2025 1497 2089 si
1558 2025 1910 2110 videbitur,
1971 2032 2167 2094 trans·

159 2114 400 2196 feram,
446 2116 514 2177 et
556 2112 836 2177 maxime
881 2112 965 2177 ab
1011 2112 1125 2197 iis,
1182 2134 1345 2196 quos
1388 2112 1585 2178 modo
1629 2115 1986 2199 nominavi,
2035 2137 2182 2181 cum

160 2200 487 2284 inciderit,
523 2204 598 2266 ut
631 2200 699 2265 id
736 2204 884 2285 apte
921 2200 1061 2264 fieri
1094 2201 1325 2286 possit,
1360 2204 1435 2265 ut
1470 2202 1553 2265 ab
1588 2200 1877 2267 Homero
1912 2202 2182 2289 EnniuS,

158 2288 475 2355 Afranius
547 2311 588 2354 a
655 2288 1010 2354 Menandro
1082 2290 1267 2355 solet.
1373 2287 1440 2352 N
1440 2309 1513 2354 ec
1573 2311 1754 2372 vero,
1824 2293 1901 2355 ut
1960 2298 2184 2358 noster

161 2376 450 2442 Lucilius
460 2428 479 2461 ,
541 2376 883 2460 recusabo,
957 2398 1083 2460 quo
1147 2377 1365 2442 minus
1429 2398 1653 2442 omnes
1724 2398 1872 2442 mea
1940 2379 2182 2466 legant.

87 2487 135 2528 25
161 2462 435 2530 'Utinam
489 2468 658 2529 esset
709 2464 823 2529 ille
875 2464 1159 2530 Persius!
1275 2463 1496 2547 Scipio
1551 2485 1703 2529 vero
1768 2469 1836 2530 et
1896 2465 2181 2533 Rutilius

162 2554 366 2617 multo
414 2554 612 2617 etiam
647 2552 889 2637 magis3
935 2574 1207 2636 quorum
1249 2552 1365 2617 ille
1407 2552 1716 2619 iudicium
1755 2553 2182 2620 reformidans
2281 2564 2285 2570 ’

164 2640 538 2705 Tarentinis
591 2641 686 2704 ait
739 2661 809 2704 se
874 2643 939 2704 et
993 2637 1409 2706 Consentinis
1474 2643 1541 2704 et
1595 2638 1825 2705 Siculis
1883 2642 2181 2709 scribere.

163 2728 399 2793 Facete
453 2729 510 2792 is
562 2727 848 2812 quidem,
913 2728 1080 2796 sicut
1134 2729 1293 2811 alia3
1362 2728 1474 2795 sed
1538 2749 1745 2813 neque
1805 2732 1945 2793 tam
2008 2730 2182 2796 docti

163 2820 300 2881 tum
357 2819 570 2900 erant,
626 2816 708 2880 ad
764 2837 1035 2899 quorum
1090 2816 1396 2882 iudicium
1451 2817 1844 2902 elaboraret,
1908 2821 1976 2882 et
2029 2823 2182 2884 sunt

90 2928 138 2967 ω
163 2904 338 2968 illius
397 2903 640 2987 scripta
691 2904 968 2981 leviora,
1021 2907 1097 2969 ut
1148 2904 1486 2970 urbanitas
1542 2927 1794 2970 summa
1851 2913 2181 2991 appareat,

165 2990 457 3056 doctrina
490 2991 849 3056 mediocris,
909 2991 1054 3077 Ego
1085 2995 1299 3057 autem
1338 3014 1529 3076 quem
1563 2994 1825 3058 timeam
1854 2994 2179 3078 lectorem,
2217 3014 2250 3064 8

165 3102 306 3144 cum
344 3080 427 3144 ad
463 3083 530 3144 te
567 3101 648 3142 ne
684 3078 947 3145 Graecis
996 3080 1253 3163 quidem
1291 3082 1621 3146 cedentem
1656 3082 1727 3145 in
1762 3082 2181 3167 philosophia

164 3169 430 3233 audeam
494 3166 816 3233 scribere?
914 3190 1302 3253 quamquam
1368 3193 1409 3235 a
1470 3173 1537 3233 te
1600 3171 1743 3253 ipso
1799 3170 1867 3234 id
1922 3171 2179 3254 quidem
2262 3222 2269 3228 .

161 3256 325 3321 facio
381 3258 776 3339 provocatus
821 3256 1194 3341 gratissimo
1239 3257 1406 3321 mihi
1459 3258 1657 3341 libro,
1714 3279 1903 3341 quem
1950 3258 2031 3322 ad
2076 3279 2179 3322 me

93 3366 137 3407 ³5
163 3344 236 3408 de
289 3344 535 3409 virtute
588 3344 844 3409 misisti.
946 3342 1074 3409 Sed
1119 3367 1199 3410 ex
1252 3367 1328 3409 eo
1384 3345 1573 3411 credo
1630 3345 2011 3430 quibusdam
2058 3367 2179 3409 usu

163 3432 406 3515 venire,
459 3434 537 3496 ut
589 3430 983 3497 abhorreant
1039 3454 1078 3497 a
1131 3432 1383 3497 Latinis
1392 3484 1409 3516 ‚
1475 3432 1646 3516 quod
1705 3433 2047 3497 inciderint
2109 3433 2179 3495 in

161 3519 404 3585 inculta
449 3519 766 3604 quaedam
813 3524 880 3585 et
923 3520 1215 3605 horrida,
1272 3522 1350 3585 de
1394 3522 1587 3586 malis
1635 3519 1899 3585 Graecis
1944 3518 2174 3582 Latine
