2609 3884
384 153 514 220 378
773 151 1374 210 TUSCULANARUM
1408 151 2016 209 DISPUTA'I'IONUM

386 319 499 382 aut
534 317 645 401 qui
680 314 1089 382 tolerabilius
1125 315 1291 380 feret
1327 313 1832 400 incommodum,
1879 317 1990 400 qui
2029 317 2414 402 cognoverit

384 425 644 471 necesse
681 425 821 470 esse
865 403 1116 468 homini
1159 403 1291 469 tale
1331 403 1575 486 aliquid
1613 403 1942 469 accidere?
2013 403 2201 470 Haec
2237 405 2410 470 enim

388 493 595 560 oratio
664 492 743 558 de
805 491 949 577 ipsa
1014 512 1267 557 summa
1331 491 1490 556 mali
1547 491 1712 555 nihil
1776 491 2086 577 detrahit,
2149 496 2410 558 tantum

385 583 577 648 modo
643 580 879 665 adfert,
940 578 1106 644 nihil
1171 579 1492 663 evenisse,
1563 579 1735 663 quod
1805 601 1937 645 non
2010 579 2414 665 opinandum

382 669 633 735 fuisset.
732 667 958 753 Neque
1010 671 1232 733 tamen
1294 688 1498 752 genus
1560 666 1629 732 id
1683 669 1995 733 orationis
2059 670 2130 734 in
2187 689 2412 736 conso·
2436 693 2460 736 5

383 758 579 823 lando
633 778 765 822 non
818 756 1023 841 valet,
1092 754 1202 820 scd
1269 755 1338 819 id
1390 755 1562 821 haud
1627 756 1828 820 sciam
1893 778 1978 822 an
2037 757 2412 841 plurimum.

384 845 563 932 Ergo
635 845 765 910 ista
825 843 1209 931 necopinata
1270 865 1400 909 non
1471 843 1718 909 habent
1786 847 2042 909 tantam
2105 846 2270 930 vim,
2340 849 2414 911 ut

388 933 723 1020 aegritudo
772 955 851 997 ex
893 931 976 997 iis
1025 930 1237 997 omnis
1284 931 1559 1016 oriatur3
1610 931 1854 997 feriunt
1898 933 2069 997 enim
2127 933 2412 1000 fortasse

388 1022 650 1108 gravius
660 1071 679 1106 ,
721 1026 851 1085 non'
886 1019 954 1085 id
991 1019 1305 1104 efficiunt,
1342 1022 1418 1084 ut
1453 1042 1555 1106 ea,
1597 1041 1759 1104 quae
1797 1020 2112 1106 accidant,
2157 1023 2413 1087 maiora

386 1110 754 1192 videantur3
808 1107 961 1193 quia
1012 1107 1299 1172 recentia
1353 1110 1530 1192 sunt,
1585 1107 1834 1174 maiora
1886 1108 2214 1194 videntur,
2279 1131 2411 1176 non
2439 1136 2484 1175 ιο

278 1219 349 1271 56
387 1198 537 1283 quia
572 1195 931 1281 repentina.
998 1194 1255 1280 Duplex
1291 1199 1394 1261 est
1428 1196 1630 1281 igitur
1663 1197 1836 1262 ratio
1873 1198 2010 1262 veri
2043 1199 2412 1283 reperiendi

384 1306 520 1350 non
562 1285 633 1349 in
676 1283 761 1349 iis
808 1284 1041 1366 solum,
1096 1305 1259 1368 quae
1304 1283 1506 1368 mala,
1561 1284 1673 1349 sed
1717 1284 1787 1349 in
1830 1284 1913 1349 iis
1960 1285 2190 1373 etiam,
2247 1308 2413 1372 quae

384 1374 559 1439 bona
603 1371 917 1438 videntur.
1014 1369 1186 1439 Nam
1233 1374 1348 1437 aut
1399 1371 1604 1456 ipsius
1649 1371 1745 1437 rei
1790 1374 2026 1438 natura
2086 1375 2303 1459 qualis
2351 1379 2418 1437 et

387 1464 629 1547 quanta
692 1460 806 1545 sit,
870 1459 1238 1546 quaerimus
1248 1508 1266 1543 ,
1330 1462 1405 1524 ut
1467 1459 1545 1526 de
1597 1464 1982 1544 paupertate
2037 1483 2170 1528 non
2228 1485 2414 1528 num-

388 1572 607 1635 quam,
654 1549 831 1616 cuius
870 1569 1031 1614 onus
1069 1548 1457 1633 disputando
1493 1548 1786 1614 levamus
1839 1548 2170 1633 docentes,
2218 1573 2414 1635 quam
2441 1575 2483 1615 ιε
2576 1619 2577 1622 ,

385 1660 587 1723 parva
624 1639 691 1702 et
733 1659 928 1723 quam
971 1657 1180 1720 pauca
1214 1635 1374 1720 sint,
1421 1657 1584 1719 quae
1629 1639 1866 1701 natura
1910 1636 2254 1723 desideret,
2302 1644 2417 1706 aut

386 1749 427 1792 a
489 1725 863 1811 disputandi
926 1723 1293 1790 subtilitate
1360 1725 1721 1789 orationem
1785 1723 1866 1790 ad
1927 1727 2226 1810 exempla
2282 1729 2418 1795 tra·

386 1813 695 1879 ducimus,
783 1813 911 1878 Hic
951 1809 1253 1878 Socrates
1298 1815 1864 1897 commemoratur,
1907 1812 2018 1878 hic
2061 1811 2416 1900 DiogeneS,

384 1901 492 1967 hic
539 1899 983 1967 Caecilianum
1030 1899 1219 1965 illud:

518 2023 759 2107 Saepe
822 2026 941 2088 est
1005 2023 1231 2087 etiam
1300 2023 1440 2088 sub
1503 2023 1835 2107 palliolo
1901 2025 2217 2178 ser-'ditdo
2296 2049 2416 2092 sa·
2444 2053 2489 2092 20

1911 2135 2093 2196 plen
2141 2137 2235 2178 ia.

386 2251 549 2319 Cum
588 2251 759 2316 enim
804 2251 1207 2334 paupertatis
1243 2271 1374 2315 una
1410 2251 1757 2338 eademque
1795 2253 1884 2318 sit
1927 2254 2056 2338 vis,
2103 2255 2417 2338 quidnam

386 2341 513 2406 dici
561 2341 807 2424 potest,
862 2359 1057 2423 quam
1111 2338 1195 2403 ob
1249 2359 1386 2404 rem
1443 2337 1512 2404 O.
1558 2339 1857 2406 Fabricio
1914 2341 2282 2408 tolerabilis
2339 2365 2418 2410 ea

281 2449 348 2501 57
387 2428 611 2512 fuerit,
657 2425 773 2493 alii
818 2429 1059 2511 negent
1104 2447 1173 2491 se
1216 2425 1386 2492 ferre
1430 2428 1666 2511 posse?
1755 2427 1926 2494 Huic
1971 2430 2174 2514 igitur
2223 2432 2419 2497 alteri

388 2516 608 2604 generi
652 2515 881 2581 similis
928 2518 1028 2580 est
1072 2535 1148 2579 ca
1190 2514 1358 2579 ratio
1401 2516 1809 2600 consolandi,
1853 2539 2017 2602 quae
2063 2517 2256 2584 docet
2301 2519 2419 2585 hu-

386 2627 581 2672 mana
626 2625 765 2671 esse
774 2654 793 2688 ,
839 2624 1003 2688 quae
1050 2602 1416 2668 acciderint.
1485 2602 1638 2670 Non
1675 2605 1848 2669 enim
1891 2605 1960 2670 id
2006 2606 2216 2671 solum
2262 2629 2418 2672 con·
2446 2635 2495 2675 25

385 2695 551 2759 tinet
615 2715 693 2758 ea
754 2691 1110 2776 disputatio
1121 2741 1139 2775 ‚
1202 2694 1277 2757 ut
1340 2691 1776 2776 cognitionem
1841 2692 2095 2760 adferat
2155 2697 2415 2780 generis

386 2780 675 2863 humani,
712 2779 823 2845 sed
870 2779 1193 2865 significat
1233 2778 1610 2844 tolerabilia
1641 2801 1801 2864 esse,
1838 2801 2004 2866 quae
2044 2785 2110 2847 et
2142 2783 2420 2848 tulerint

281 2875 371 2939 24
390 2872 455 2932 et
488 2867 705 2932 ferant
740 2868 955 2932 ceteri.
1026 2864 1125 2932 De
1160 2870 1544 2951 paupertate
1583 2868 1818 2954 agitur,
1861 2868 2050 2934 multi
2086 2870 2416 2953 patientes

387 2954 1547 3127 ¹355?rffih02⁰0ffiffsssssssszfflzmff⁶
1573 2957 2419 3129 effzsssffissffindssmssssssoess
2443 3075 2494 3116 ω

388 3133 603 3214 ipsum
655 3127 1007 3212 beatiorem,
1070 3150 1446 3215 eorumque,
1504 3131 1616 3216 qui
1668 3131 1995 3215 privatum
2051 3134 2261 3199 otium
2305 3156 2416 3200 nc-

391 3218 589 3304 gotiis
635 3215 911 3301 publicis
959 3217 1422 3302 antetulerunt‚
1473 3218 1862 3285 nominatim
1906 3221 2044 3287 vita
2096 3221 2419 3308 laudatur,

388 3327 507 3371 nec
562 3304 789 3370 siletur
841 3303 1006 3369 illud
1064 3304 1502 3386 potentissimi
1564 3306 1735 3392 regis
1796 3312 2244 3394 anapaestum,
2305 3313 2418 3396 qui

389 3391 617 3457 laudat
650 3412 872 3456 senem
914 3394 982 3456 et
1023 3389 1429 3457 fortunatum
1467 3413 1606 3458 esse
1652 3394 1836 3478 dicit,
1881 3397 2052 3481 quod
2095 3397 2416 3481 inglorius

392 3477 480 3544 sit
541 3481 735 3564 atque
797 3477 1107 3563 ignobilis
1164 3477 1244 3544 ad
1298 3501 1668 3562 supremum
1732 3482 1902 3547 diem
1965 3489 2414 3568 perventurus.
2442 3513 2491 3556 εει
