2609 3884
9 961 39 1004 ²5·
11 866 38 911 ἐι
9 600 38 820 U-''ffin
9 421 36 554 πει
9 313 32 375 ετ»

9 1047 38 1090 [E

11 1136 40 1199 ›i-

9 1224 39 1270 ,αἰ

30 1314 40 1355 t

9 1348 39 1449 a·-

9 2297 32 2432 h‘ss'-
9 2028 32 2254 ffl·u=‘5.¹=
9 1939 34 1985 ὶῗί
9 1671 34 1896 ἓῖῗΓ-»Η
9 1492 37 1628 ἵζ’ἶῖ

13 2830 25 2844 ⁸
9 2655 30 2761 3⁴⁷2
9 2566 30 2610 Π
9 2473 31 2521 1²oe

651 146 788 201 LIB.
825 148 866 201 Ι.
925 146 1078 201 ΟΑΡ.
1117 152 1362 202 45—47.
1416 153 1448 213 §⁵
1488 154 1801 204 109—113.
2103 150 2232 216 323

209 306 561 392 putabant,
605 308 816 391 isque,
871 308 982 392 qui
1027 308 1152 373 hoc
1196 307 1525 392 Diagorae
1572 308 1763 387 dixit,
1808 332 2229 398 permagnum

211 396 588 461 existimans
660 395 780 460 tris
846 394 1333 479 Olympionicas
1403 419 1535 461 una
1609 419 1644 462 e
1714 397 1905 465 domo
1971 402 2230 483 prodire

211 484 502 549 cunctari
535 484 722 548 illum
761 482 998 548 diutius
1026 485 1096 548 in
1131 484 1270 549 vita
1303 484 1603 549 fortunae
1640 486 1965 551 obiectum
2000 488 2229 553 inutile

209 572 488 656 putabat
547 571 694 655 ipsi.
799 571 944 657 Ego
1009 576 1228 637 autem
1291 573 1416 637 tibi
1479 572 1762 658 quidem,
1834 575 2007 660 quod
2070 578 2227 642 satis

150 684 180 725 5
211 664 409 744 esset,
471 660 693 743 paucis
747 660 993 744 verbis,
1055 663 1130 725 ut
1179 660 1339 725 mihi
1403 660 1697 746 videbar,
1755 664 2229 747 responderam.

211 745 638 814 concesseras
685 748 854 813 enim
889 748 1071 813 nullo
1117 748 1187 812 in
1223 749 1396 814 malo
1436 754 1725 815 mortuos
1772 772 1938 835 esse,
1984 751 2099 816 sed
2144 753 2228 818 ob

209 858 354 901 eam
391 857 652 902 causam
689 836 1014 921 contendi,
1058 840 1134 901 ut
1165 837 1358 919 plura
1392 837 1695 922 dicerem,
1741 839 1911 922 quod
1955 840 2025 904 in
2061 840 2229 905 desi-

209 924 388 989 derio
435 928 502 989 et
546 924 726 989 luctu
769 924 929 989 haec
975 928 1076 989 est
1119 925 1477 990 consolatio
1526 926 1823 992 maxima.
1912 926 2227 994 Nostrum

207 1012 380 1077 enim
417 1016 484 1077 et
517 1016 742 1077 nostra
781 1034 976 1077 causa
1013 1017 1384 1097 susceptum
1430 1014 1719 1080 dolorem
1762 1015 2013 1080 modice
2056 1016 2227 1081 ferre
2306 1093 2315 1103 ἱ

119 1128 176 1168 ιο
206 1100 543 1185 debemus,
585 1123 666 1166 ne
711 1105 972 1165 nosmet
1016 1100 1196 1184 ipsos
1245 1123 1462 1165 amare
1507 1102 1854 1167 videamur.
1955 1102 2081 1191 Illa
2124 1127 2227 1169 su-

209 1189 412 1273 spicio
471 1188 874 1253 intolerabili
944 1188 1166 1254 dolore
1235 1190 1508 1273 cruciat,
1571 1190 1629 1255 si
1692 1191 2037 1275 opinamur
2099 1214 2229 1277 eos,

208 1277 444 1361 quibus
510 1277 726 1343 orbati
790 1298 1037 1361 sumus,
1095 1297 1234 1341 esse
1289 1298 1437 1342 cum
1500 1278 1715 1362 aliquo
1772 1299 1963 1343 sensu
2017 1280 2087 1344 in
2145 1280 2229 1344 iis·

207 1364 427 1449 malis,
471 1364 704 1449 quibus
741 1364 938 1449 volgo
985 1364 1350 1448 opinantur.
1422 1364 1610 1431 Hanc
1649 1370 1941 1432 excutere
1978 1367 2227 1451 opinio-

206 1474 358 1518 nem
385 1452 684 1517 mihimet
717 1453 894 1517 volui
929 1452 1240 1517 radicitus
1277 1474 1479 1537 eoque
1512 1454 1609 1519 fui
1645 1453 1922 1521 fortasse
1949 1455 2227 1541 longior.
2244 1506 2332 1570 47

119 1566 178 1607 ιε
340 1540 422 1605 Α.
475 1540 573 1605 Tu
600 1540 900 1626 longior?
925 1562 1055 1607 non
1084 1541 1246 1606 mihi
1274 1542 1551 1625 quidem.
1616 1542 1807 1607 Prior
1834 1542 2002 1609 enim
2029 1564 2183 1626 pars
2232 1584 2333 1633 112

209 1628 522 1694 orationis
577 1633 727 1694 tuae
785 1629 1095 1712 faciebat,
1147 1633 1222 1693 ut
1276 1630 1445 1695 mori
1508 1651 1829 1714 cuperem,
1890 1632 2229 1716 posterior,

206 1721 282 1782 ut
343 1716 533 1782 modo
596 1739 730 1782 non
790 1718 1060 1800 nollem,
1123 1718 1316 1782 modo
1380 1726 1530 1783 non‘
1587 1719 1978 1801 laborarem3
2050 1720 2228 1784 omni

208 1808 426 1870 autem
472 1806 762 1889 oratione
807 1806 970 1870 illud
1017 1809 1191 1870 certe
1247 1806 1607 1889 perfectum
1653 1810 1779 1890 est,
1833 1809 1907 1870 ut
1951 1811 2229 1872 mortem

206 1914 339 1958 non
383 1894 680 1959 ducerem
725 1894 797 1959 in
841 1894 1046 1959 malis.

115 2007 180 2047 ιο
339 1986 430 2046 Μ.
477 1980 650 2045 Num
685 1981 888 2066 igitur
925 1981 1124 2046 etiam
1159 1980 1495 2047 rhetorum
1534 1982 1861 2066 epilogum
1908 1981 2227 2047 desidera·

210 2067 400 2132 mus?
447 2089 530 2131 an
575 2068 743 2133 hanc
784 2069 918 2133 iam
963 2073 1168 2133 artem
1213 2070 1410 2154 plane
1454 2069 1921 2154 relinquimus?

342 2154 424 2219 A.
478 2154 576 2219 Tu
637 2177 790 2221 vero
852 2158 1052 2221 istam
1110 2178 1193 2222 ne
1267 2157 1637 2242 reliqueris,
1709 2179 1902 2241 quam
1977 2180 2229 2243 semper

213 2243 489 2327 ornasti,
535 2247 602 2308 et
644 2243 903 2327 quidem
939 2245 1104 2329 iure3
1149 2245 1268 2310 illa
1314 2247 1487 2310 enim
1531 2249 1624 2329 te,
1670 2266 1893 2311 verum
1942 2246 2001 2311 si
2047 2247 2229 2331 loqui

210 2332 533 2415 volumus,
588 2335 946 2397 ornaverat.
1046 2330 1172 2397 Sed
1230 2334 1492 2417 quinam
1548 2336 1651 2399 est
1705 2332 1832 2399 iste
1890 2334 2227 2420 epilogus?

119 2444 184 2487 ετ»
211 2442 372 2486 aveo
419 2420 588 2486 enim
635 2420 885 2505 audire,
934 2420 1236 2504 quicquid
1281 2425 1398 2487 est.

227 2522 230 2525 ’
342 2514 433 2573 Μ.
477 2508 764 2573 Deorum
800 2508 1264 2573 immortalium
1308 2508 1550 2574 iudicia
1586 2510 1801 2576 solent
1834 2512 1903 2575 in
1941 2510 2182 2576 scholis
2231 2526 2331 2578 113

207 2596 496 2681 proferre
536 2596 612 2659 de
649 2600 886 2680 morte,
930 2618 1049 2662 nec
1084 2618 1237 2662 vero
1275 2618 1355 2661 ea
1398 2598 1641 2683 fingere
1678 2598 1834 2682 ipsi,
1879 2597 1990 2662 sed
2024 2598 2227 2663 Hero—

209 2685 363 2750 doto
401 2688 658 2749 auctore
707 2684 978 2769 aliisque
1022 2684 1335 2770 pluribus.
1408 2684 1696 2750 Primum
1732 2684 1973 2769 Argiae
2020 2707 2227 2751 sacer-

210 2771 382 2838 dotis
422 2770 682 2838 Cleobis
729 2776 795 2837 et
829 2772 1032 2838 Biton
1076 2773 1198 2837 filii
1242 2774 1718 2857 praedicantur.
1789 2772 1969 2839 Nota
2002 2773 2227 2839 fabula

9 2857 26 2961 ζ
119 2887 184 2928 so
210 2862 329 2925 est.
417 2857 580 2926 Cum
636 2861 805 2925 enim
856 2861 1040 2926 illam
1095 2861 1179 2926 ad
1235 2862 1545 2931 sollemne
1610 2865 1677 2926 et
1732 2864 1974 2926 statum
2033 2864 2225 2927 sacri-

9 3012 22 3054 ἰ

207 2948 426 3013 ficium
471 2970 660 3013 curru
702 2949 852 3014 vehi
905 2950 1004 3015 ius
1053 2952 1224 3015 esset
1269 2950 1433 3015 satis
1480 2950 1674 3035 longe
1726 2950 1808 3014 ab
1855 2949 2093 3033 oppido
2140 2950 2222 3015 ad

206 3035 458 3121 fanum,
502 3041 1032 3122 morarenturque
1076 3037 1405 3120 iumenta,
1435 3040 1577 3102 tum
1622 3038 1885 3103 iuvenes
1931 3038 2008 3122 ii,
2062 3059 2225 3121 quos

208 3123 401 3189 modo
436 3125 784 3208 nominavi,
819 3127 1000 3190 veste
1027 3126 1248 3209 posita
1283 3146 1554 3209 corpora
1591 3125 1733 3191 oleo
1770 3129 2226 3209 perunxerunt,

208 3212 292 3277 ad
336 3213 563 3297 iugum
598 3216 1020 3277 accesserunt.
1091 3212 1198 3277 Ita
1233 3213 1531 3279 sacerdos
1570 3213 1839 3279 advecta
1878 3213 1949 3278 in
1980 3212 2226 3297 fanum,

11 3306 17 3374 ,’
116 3325 178 3367 ³5
207 3321 355 3366 cum
393 3322 615 3365 currus
655 3304 827 3366 esset
861 3300 1089 3365 ductus
1135 3322 1176 3365 a
1210 3301 1395 3385 filiis,
1440 3304 1703 3384 precata
1738 3323 1777 3366 a
1815 3302 1936 3366 dea
1972 3301 2226 3383 dicitur,

205 3391 283 3454 ut
325 3388 396 3453 id
435 3389 567 3454 illis
611 3387 884 3472 praemii
928 3388 1113 3453 daret
1153 3410 1272 3472 pro
1318 3390 1589 3473 pietate,
1639 3388 1810 3473 quod
1853 3409 2227 3454 maxumum

202 3476 458 3543 homini
510 3476 652 3543 dari
704 3478 928 3561 posset
981 3498 1020 3541 a
1073 3476 1220 3561 deo;
1275 3481 1427 3561 post
1482 3478 1777 3560 epulatos
1828 3498 1971 3541 cum
2017 3478 2225 3540 matre

1794 3578 1906 3631 21*
