2609 3884
344 118 476 181 212
671 117 770 172 DE
806 115 1098 171 FINIBUS
1133 114 1497 172 BONORUM
1532 114 1627 170 ET
1665 114 2033 171 MALORUM

244 286 322 350 11
479 281 622 365 Age
666 300 835 344 nune
891 278 1005 343 isti
1059 278 1362 362 doceant,
1414 278 1520 342 vel
1570 282 1643 342 tu
1698 277 1917 361 potius
1974 273 2145 363 (quis
2193 275 2367 342 enim

344 370 475 433 ista
511 364 844 452 melius?),
892 388 1172 450 quonam
1220 366 1413 432 modo
1452 366 1535 430 ab
1586 366 1793 431 isdem
1837 365 2171 449 principiis
2218 387 2365 449 pro·

343 456 500 522 fecti
554 455 878 537 efficiatiS,
931 458 1007 519 ut
1056 454 1331 519 honeste
1386 455 1603 520 vivere
1657 452 1749 538 (id
1808 458 1909 518 est
1967 455 2138 518 enim
2181 454 2287 519 vel
2334 474 2370 518 e

343 545 584 610 virtute
612 543 716 609 vel
741 547 1012 608 naturae
1041 545 1471 628 congruenter
1496 539 1741 628 vivere)
1770 564 2091 608 summum
2123 542 2371 607 bonum

347 634 459 716 sit,
506 636 571 696 et
615 654 896 716 quonam
941 632 1134 697 modo
1183 634 1296 695 aut
1355 652 1480 714 quo
1526 631 1670 696 loeo
1718 652 1948 715 eorpus
1997 630 2214 695 subito
2262 629 2367 695 de·
2400 654 2428 696 5

345 721 675 785 serueritis
723 719 1067 803 omniaque
1113 740 1215 802 ea,
1261 740 1453 803 quae,
1499 718 1847 784 seeundum
1883 722 2185 783 naturam
2221 741 2369 784 eum

345 809 498 893 sint,
535 808 752 873 absint
790 830 830 871 a
863 811 1094 872 nostra
1125 809 1472 891 potestate,
1506 808 1723 891 ipsum
1760 806 2031 892 denique
2063 806 2369 873 officium.

347 896 599 973 Quaero
644 896 874 981 igitur,
926 917 1051 979 quo
1098 895 1290 960 modo
1338 894 1461 959 hae
1505 899 1729 960 tantae
1775 896 2369 961 commendationes

347 1008 386 1050 a
447 989 683 1050 natura
743 983 1070 1067 profectae
1135 983 1352 1048 subito
1418 1006 1457 1048 a
1519 984 1839 1068 sapientia
1891 983 2156 1049 relictae
2215 984 2371 1049 sint.

239 1093 306 1142 2¹1
346 1072 591 1149 Quodsi
651 1094 785 1137 non
845 1072 1126 1137 hominis
1193 1093 1516 1136 summum
1579 1072 1823 1137 bonum
1896 1093 2370 1156 quaereremu8‚
2402 1097 2463 1137 ιο

346 1160 457 1226 sed
524 1159 857 1225 cuiusdam
932 1160 1310 1243 animantis,
1378 1160 1438 1224 is
1502 1164 1718 1225 autem
1782 1165 1956 1225 esset
2015 1159 2180 1225 nihil
2240 1160 2372 1226 nisi

347 1249 598 1313 animus
654 1245 878 1333 (liceat
933 1248 1107 1313 enim
1159 1249 1404 1331 fingere
1464 1248 1706 1332 aliquid
1772 1248 1909 1313 eius
1972 1248 2175 1332 modi,
2240 1271 2370 1334 quo

345 1358 568 1401 verum
630 1336 887 1401 facilius
960 1332 1416 1421 reperiamus),
1478 1340 1701 1401 tamen
1770 1336 1873 1401 illi
1946 1337 2160 1401 animo
2233 1358 2372 1402 non

345 1428 518 1489 esset
561 1424 669 1490 hie
716 1427 931 1489 vester
975 1423 1174 1488 finis·
1222 1422 1646 1490 Desideraret
1692 1425 1867 1489 enim
1911 1424 2372 1509 valetudinem,

344 1514 737 1579 vacuitatem
803 1513 1045 1577 doloris
1059 1562 1078 1597 ‚
1146 1516 1482 1596 appeteret
1545 1513 1744 1577 etiam
1807 1514 2370 1579 conservationem
2401 1540 2460 1581 15

347 1602 447 1666 sui
522 1622 870 1685 earumque
941 1622 1160 1665 rerum
1232 1600 1595 1666 custodiam
1638 1602 1960 1685 finemque
2026 1601 2154 1667 sibi
2222 1623 2371 1667 eon-

346 1690 648 1754 stitueret
693 1688 1039 1754 seeundum
1073 1692 1377 1753 naturam
1418 1689 1662 1773 vivere,
1708 1689 1877 1774 quod
1922 1692 2051 1773 est,
2095 1692 2170 1754 ut
2214 1690 2371 1770 dixi,

343 1777 582 1843 habere
640 1800 740 1861 ea,
797 1798 959 1862 quae
1016 1775 1368 1841 seeundum
1421 1780 1722 1842 naturam
1780 1777 1938 1863 sint,
1997 1778 2101 1842 vel
2147 1781 2371 1845 omnia

238 1884 308 1934 28
345 1867 448 1931 vel
511 1866 791 1950 plurima
855 1869 922 1929 et
983 1866 1281 1929 maxima.
1400 1863 1869 1951 Cuiuscumque
1945 1866 2115 1931 enim
2188 1867 2370 1931 modi

347 1954 589 2018 animal
647 1953 1086 2031 constitueris,
1140 1973 1403 2017 neeesse
1450 1956 1573 2037 est,
1628 1954 1885 2018 etiamsi
1929 1954 1997 2017 id
2043 1953 2182 2018 sine
2227 1976 2365 2019 eor-
2395 1982 2457 2023 πο

343 2062 501 2125 pore
549 2042 662 2124 sit,
707 2043 783 2103 ut
825 2041 1131 2124 fingimus
1141 2091 1159 2124 ‚
1213 2044 1435 2104 tamen
1480 2062 1619 2105 esse
1670 2042 1739 2105 in
1786 2042 2001 2107 animo
2049 2042 2369 2125 quaedam

345 2129 589 2193 similia
635 2150 880 2211 eorum,
938 2150 1098 2212 quae
1147 2132 1298 2192 sunt
1342 2128 1413 2192 in
1456 2150 1750 2214 corpore,
1809 2133 1885 2194 ut
1926 2130 2107 2194 nullo
2154 2131 2368 2215 modo,

341 2216 472 2281 nisi
507 2219 582 2280 ut
616 2216 911 2298 exposui,
957 2216 1267 2280 constitui
1303 2216 1514 2299 possit
1556 2218 1705 2282 finis
1749 2218 2083 2283 bonorum.
2156 2214 2367 2303 Chry·

344 2305 569 2387 sippus
635 2306 852 2367 autem
915 2324 1239 2387 exponens
1308 2304 1704 2370 differentias
1770 2306 2196 2371 animantium
2270 2308 2370 2372 ait

345 2393 510 2457 alias
576 2413 798 2455 earum
860 2413 1129 2475 corpore
1193 2392 1529 2476 excellere,
1602 2394 1767 2459 alias
1842 2397 2057 2459 autem
2130 2394 2367 2479 animO,
2395 2423 2453 2464 25

341 2502 476 2545 non
528 2480 744 2545 nullas
799 2480 1014 2545 valere
1067 2484 1342 2564 utraque
1396 2503 1491 2566 re3
1549 2482 1773 2546 deinde
1821 2481 2138 2567 disputat,
2194 2484 2365 2568 quod

343 2569 650 2653 cuiusque
696 2569 950 2653 generis
999 2568 1429 2633 animantium
1475 2570 1676 2635 statui
1722 2569 1947 2635 deceat
1990 2573 2366 2637 extremum.

345 2654 510 2722 Cum
565 2661 781 2722 autem
834 2657 1161 2724 hominem
1213 2658 1286 2721 in
1349 2678 1425 2722 eo
1481 2678 1715 2742 genere
1768 2659 2121 2742 posuisset,
2175 2663 2250 2723 ut
2302 2661 2366 2725 ei

341 2746 661 2811 tribueret
697 2746 896 2810 animi
935 2745 1409 2829 excellentiam,
1454 2767 1775 2811 summum
1817 2747 2060 2812 bonum
2105 2747 2175 2811 id
2212 2770 2362 2813 eon-

345 2833 586 2916 stituit‚
648 2855 782 2898 non
841 2838 918 2898 ut
981 2834 1287 2897 excellere
1353 2834 1635 2918 animus,
1701 2834 1813 2898 sed
1866 2837 1941 2898 ut
1992 2834 2159 2900 nihil
2224 2858 2365 2901 esse
2393 2862 2449 2904 ao

242 2932 324 2997 12
343 2924 598 3003 praeter
645 2922 931 2984 animum
975 2920 1317 2986 videretur.
1405 2920 1554 2987 Uno
1600 2925 1816 2987 autem
1872 2923 2064 2989 modo
2122 2924 2193 2988 in
2237 2925 2364 2988 vir-

344 3010 484 3071 tute
541 3008 683 3072 sola
743 3030 1065 3073 summum
1118 3009 1361 3074 bonum
1414 3012 1586 3074 reete
1643 3014 2015 3095 poneretur,
2071 3012 2129 3076 si
2192 3013 2364 3096 quod

346 3099 518 3159 esset
554 3096 811 3179 animal,
849 3095 1019 3179 quod
1053 3100 1266 3160 totum
1294 3118 1373 3161 ex
1410 3102 1625 3162 mente
1664 3102 2009 3183 constaret,
2043 3099 2113 3164 id
2149 3100 2367 3183 ipsum

345 3186 568 3248 tamen
632 3183 750 3261 sie,
813 3186 889 3246 ut
952 3205 1029 3247 ea
1091 3205 1272 3249 mens
1337 3184 1503 3249 nihil
1566 3185 1839 3252 haberet
1899 3188 1973 3252 in
2034 3208 2129 3271 se,
2195 3190 2367 3273 quod

237 3290 307 3339 29
347 3274 518 3335 esset
563 3270 910 3335 seeundum
953 3275 1279 3355 naturam,
1326 3277 1401 3337 ut
1444 3274 1747 3340 valetudo
1795 3277 1911 3339 est.
2000 3273 2125 3340 Sed
2170 3276 2238 3340 id
2283 3299 2365 3342 ne
2392 3303 2445 3344 35

346 3358 622 3459 eogitari
649 3359 947 3509 qtquidem
1007 3363 1226 3442 potest
1285 3362 1472 3445 quale
1538 3362 1649 3447 sit,
1712 3365 1787 3427 ut
1848 3384 1981 3429 non
2044 3369 2369 3450 repugnet

347 3467 562 3527 1psum
613 3468 665 3509 s1
714 3468 752 3510 1.
