<?xml version="1.0" encoding="UTF-8"?>
<!DOCTYPE html PUBLIC "-//W3C//DTD XHTML 1.0 Transitional//EN"
    "http://www.w3.org/TR/xhtml1/DTD/xhtml1-transitional.dtd">
<html xmlns="http://www.w3.org/1999/xhtml" xml:lang="en" lang="en">
 <head>
  <title>
</title>
<meta http-equiv="Content-Type" content="text/html;charset=utf-8" />
  <meta name='ocr-system' content='tesseract 3.04.00' />
  <meta name='ocr-capabilities' content='ocr_page ocr_carea ocr_par ocr_line ocrx_word'/>
</head>
<body>
  <div class='ocr_page' id='page_1' title='image "./scriptaquaemans01mlgoog_0381.png"; bbox 0 0 2609 3884; ppageno 0'>
   <div class='ocr_carea' id='block_1_1' title="bbox 17 354 38 1377">
    <p class='ocr_par' dir='ltr' id='par_1_1' title="bbox 17 354 38 1377">
     <span class='ocr_line' id='line_1_1' title="bbox 18 354 34 397; baseline 0 0"><span class='ocrx_word' id='word_1_1' title='bbox 18 354 34 397; x_wconf 77' lang='grc' dir='ltr'><strong><em>Ε</em></strong></span> 
     </span>
     <span class='ocr_line' id='line_1_2' title="bbox 17 534 37 575; baseline 0 0"><span class='ocrx_word' id='word_1_2' title='bbox 17 534 37 575; x_wconf 83' lang='grc' dir='ltr'>Ι</span> 
     </span>
     <span class='ocr_line' id='line_1_3' title="bbox 17 622 38 664; baseline 0 0"><span class='ocrx_word' id='word_1_3' title='bbox 17 622 38 664; x_wconf 72' lang='grc' dir='ltr'>ΕΞ</span> 
     </span>
     <span class='ocr_line' id='line_1_4' title="bbox 17 712 38 753; baseline 0 0"><span class='ocrx_word' id='word_1_4' title='bbox 17 712 38 753; x_wconf 75' lang='lat' dir='ltr'>t</span> 
     </span>
     <span class='ocr_line' id='line_1_5' title="bbox 17 800 38 843; baseline 0 -2"><span class='ocrx_word' id='word_1_5' title='bbox 17 800 38 843; x_wconf 68' lang='grc' dir='ltr'>Ι</span> 
     </span>
     <span class='ocr_line' id='line_1_6' title="bbox 17 890 38 931; baseline 0 0"><span class='ocrx_word' id='word_1_6' title='bbox 17 890 38 931; x_wconf 69' lang='lat' dir='ltr'>fl</span> 
     </span>
     <span class='ocr_line' id='line_1_7' title="bbox 17 980 36 1022; baseline 0 0"><span class='ocrx_word' id='word_1_7' title='bbox 17 980 36 1022; x_wconf 58' lang='grc' dir='ltr'><strong>ἅ</strong></span> 
     </span>
     <span class='ocr_line' id='line_1_8' title="bbox 17 1066 37 1109; baseline 0 0"><span class='ocrx_word' id='word_1_8' title='bbox 17 1066 37 1109; x_wconf 72' lang='lat' dir='ltr'>t</span> 
     </span>
     <span class='ocr_line' id='line_1_9' title="bbox 17 1158 34 1199; baseline 0 0"><span class='ocrx_word' id='word_1_9' title='bbox 17 1158 34 1199; x_wconf 78' lang='lat' dir='ltr'>t</span> 
     </span>
     <span class='ocr_line' id='line_1_10' title="bbox 21 1336 32 1377; baseline 0 0"><span class='ocrx_word' id='word_1_10' title='bbox 21 1336 32 1377; x_wconf 88' lang='lat' dir='ltr'>l</span> 
     </span>
    </p>
   </div>
   <div class='ocr_carea' id='block_1_2' title="bbox 755 169 2263 236">
    <p class='ocr_par' dir='ltr' id='par_1_2' title="bbox 755 169 2263 236">
     <span class='ocr_line' id='line_1_11' title="bbox 755 169 2263 236; baseline 0.007 -12"><span class='ocrx_word' id='word_1_11' title='bbox 755 169 890 225; x_wconf 82' lang='lat' dir='ltr'><strong>LIB.</strong></span> <span class='ocrx_word' id='word_1_12' title='bbox 927 170 999 224; x_wconf 92' lang='lat'>11.</span> <span class='ocrx_word' id='word_1_13' title='bbox 1054 169 1208 225; x_wconf 77' lang='lat' dir='ltr'><strong>GAP.</strong></span> <span class='ocrx_word' id='word_1_14' title='bbox 1245 174 1421 225; x_wconf 76' lang='lat'><strong>8—5.</strong></span> <span class='ocrx_word' id='word_1_15' title='bbox 1476 174 1509 235; x_wconf 65' lang='lat' dir='ltr'>s</span> <span class='ocrx_word' id='word_1_16' title='bbox 1547 175 1757 225; x_wconf 79' lang='lat'><strong>‘1—12.</strong></span> <span class='ocrx_word' id='word_1_17' title='bbox 2138 170 2263 236; x_wconf 86' lang='lat'>331</span> 
     </span>
    </p>
   </div>
   <div class='ocr_carea' id='block_1_3' title="bbox 161 330 2269 2444">
    <p class='ocr_par' dir='ltr' id='par_1_3' title="bbox 193 330 2269 856">
     <span class='ocr_line' id='line_1_12' title="bbox 247 330 2268 418; baseline -0 -19"><span class='ocrx_word' id='word_1_18' title='bbox 247 331 542 399; x_wconf 86' lang='lat' dir='ltr'>conscius</span> <span class='ocrx_word' id='word_1_19' title='bbox 603 352 958 415; x_wconf 84' lang='lat' dir='ltr'><strong>numquam</strong></span> <span class='ocrx_word' id='word_1_20' title='bbox 1021 353 1125 397; x_wconf 88' lang='lat' dir='ltr'>me</span> <span class='ocrx_word' id='word_1_21' title='bbox 1187 332 1380 396; x_wconf 87' lang='lat' dir='ltr'>nimis</span> <span class='ocrx_word' id='word_1_22' title='bbox 1453 332 1625 396; x_wconf 83' lang='lat' dir='ltr'>vitae</span> <span class='ocrx_word' id='word_1_23' title='bbox 1690 331 1989 415; x_wconf 88' lang='lat' dir='ltr'>cupidum</span> <span class='ocrx_word' id='word_1_24' title='bbox 2049 330 2268 418; x_wconf 87' lang='lat' dir='ltr'>fuisse,</span> 
     </span>
     <span class='ocr_line' id='line_1_13' title="bbox 246 418 2269 504; baseline 0 -19"><span class='ocrx_word' id='word_1_25' title='bbox 246 424 466 485; x_wconf 88' lang='lat' dir='ltr'>tamen</span> <span class='ocrx_word' id='word_1_26' title='bbox 518 420 840 485; x_wconf 90' lang='lat' dir='ltr'>interdum</span> <span class='ocrx_word' id='word_1_27' title='bbox 897 420 1299 485; x_wconf 88' lang='lat' dir='ltr'>obiciebatur</span> <span class='ocrx_word' id='word_1_28' title='bbox 1353 419 1571 484; x_wconf 91' lang='lat' dir='ltr'>animo</span> <span class='ocrx_word' id='word_1_29' title='bbox 1627 422 1841 484; x_wconf 91' lang='lat' dir='ltr'>metus</span> <span class='ocrx_word' id='word_1_30' title='bbox 1893 418 2156 504; x_wconf 88' lang='lat' dir='ltr'>quidam</span> <span class='ocrx_word' id='word_1_31' title='bbox 2202 424 2269 485; x_wconf 93' lang='lat' dir='ltr'>et</span> 
     </span>
     <span class='ocr_line' id='line_1_14' title="bbox 248 507 2269 593; baseline -0 -19"><span class='ocrx_word' id='word_1_32' title='bbox 248 509 434 575; x_wconf 94' lang='lat' dir='ltr'>dolor</span> <span class='ocrx_word' id='word_1_33' title='bbox 495 508 810 593; x_wconf 73' lang='lat' dir='ltr'><strong>cogitanti</strong></span> <span class='ocrx_word' id='word_1_34' title='bbox 872 508 1010 574; x_wconf 88' lang='lat' dir='ltr'>fore</span> <span class='ocrx_word' id='word_1_35' title='bbox 1075 508 1424 592; x_wconf 91' lang='lat' dir='ltr'>aliquando</span> <span class='ocrx_word' id='word_1_36' title='bbox 1478 508 1673 572; x_wconf 87' lang='lat' dir='ltr'>finem</span> <span class='ocrx_word' id='word_1_37' title='bbox 1728 507 1923 572; x_wconf 91' lang='lat' dir='ltr'>huius</span> <span class='ocrx_word' id='word_1_38' title='bbox 1976 507 2141 573; x_wconf 89' lang='lat' dir='ltr'>lucis</span> <span class='ocrx_word' id='word_1_39' title='bbox 2202 512 2269 573; x_wconf 91' lang='lat' dir='ltr'>et</span> 
     </span>
     <span class='ocr_line' id='line_1_15' title="bbox 250 594 2268 682; baseline 0 -21"><span class='ocrx_word' id='word_1_40' title='bbox 250 595 660 662; x_wconf 90' lang='lat' dir='ltr'>amissionem</span> <span class='ocrx_word' id='word_1_41' title='bbox 682 596 988 670; x_wconf 67' lang='lat' dir='ltr'>,omnium</span> <span class='ocrx_word' id='word_1_42' title='bbox 1033 596 1208 661; x_wconf 83' lang='lat' dir='ltr'>vitae</span> <span class='ocrx_word' id='word_1_43' title='bbox 1254 596 1758 662; x_wconf 89' lang='lat' dir='ltr'>commodorum.</span> <span class='ocrx_word' id='word_1_44' title='bbox 1846 594 1990 661; x_wconf 92' lang='lat' dir='ltr'>Hoc</span> <span class='ocrx_word' id='word_1_45' title='bbox 2034 616 2268 682; x_wconf 82' lang='lat' dir='ltr'>genere</span> 
     </span>
     <span class='ocr_line' id='line_1_16' title="bbox 193 683 2268 769; baseline -0.001 -18"><span class='ocrx_word' id='word_1_46' title='bbox 193 710 221 751; x_wconf 73' lang='lat'><strong>5</strong></span> <span class='ocrx_word' id='word_1_47' title='bbox 247 685 583 750; x_wconf 73' lang='lat' dir='ltr'>molestiae</span> <span class='ocrx_word' id='word_1_48' title='bbox 644 686 766 769; x_wconf 85' lang='lat' dir='ltr'>sic,</span> <span class='ocrx_word' id='word_1_49' title='bbox 829 683 992 749; x_wconf 90' lang='lat' dir='ltr'>mihi</span> <span class='ocrx_word' id='word_1_50' title='bbox 1055 684 1262 769; x_wconf 87' lang='lat' dir='ltr'>crede,</span> <span class='ocrx_word' id='word_1_51' title='bbox 1339 706 1482 750; x_wconf 89' lang='lat' dir='ltr'>sum</span> <span class='ocrx_word' id='word_1_52' title='bbox 1552 683 1896 768; x_wconf 76' lang='lat' dir='ltr'>liberatus,</span> <span class='ocrx_word' id='word_1_53' title='bbox 1966 687 2041 750; x_wconf 87' lang='lat' dir='ltr'>ut</span> <span class='ocrx_word' id='word_1_54' title='bbox 2102 684 2268 749; x_wconf 86' lang='lat' dir='ltr'><strong>nihil</strong></span> 
     </span>
     <span class='ocr_line' id='line_1_17' title="bbox 247 772 1153 856; baseline -0.001 -18"><span class='ocrx_word' id='word_1_55' title='bbox 247 773 463 838; x_wconf 91' lang='lat' dir='ltr'>minus</span> <span class='ocrx_word' id='word_1_56' title='bbox 507 772 861 839; x_wconf 89' lang='lat' dir='ltr'>curandum</span> <span class='ocrx_word' id='word_1_57' title='bbox 911 776 1153 856; x_wconf 90' lang='lat' dir='ltr'>putem.</span> 
     </span>
    </p>

    <p class='ocr_par' dir='ltr' id='par_1_4' title="bbox 241 859 2267 1122">
     <span class='ocr_line' id='line_1_18' title="bbox 377 859 2267 946; baseline 0.001 -21"><span class='ocrx_word' id='word_1_58' title='bbox 377 867 469 926; x_wconf 83' lang='lat' dir='ltr'>M.</span> <span class='ocrx_word' id='word_1_59' title='bbox 513 860 785 926; x_wconf 86' lang='lat' dir='ltr'>Minime</span> <span class='ocrx_word' id='word_1_60' title='bbox 836 862 1072 926; x_wconf 87' lang='lat' dir='ltr'>mirum</span> <span class='ocrx_word' id='word_1_61' title='bbox 1133 861 1200 926; x_wconf 95' lang='lat' dir='ltr'>id</span> <span class='ocrx_word' id='word_1_62' title='bbox 1264 861 1541 946; x_wconf 88' lang='lat' dir='ltr'>quidem.</span> <span class='ocrx_word' id='word_1_63' title='bbox 1647 859 1821 926; x_wconf 90' lang='lat' dir='ltr'>Nam</span> <span class='ocrx_word' id='word_1_64' title='bbox 1886 862 2090 927; x_wconf 88' lang='lat' dir='ltr'>efficit</span> <span class='ocrx_word' id='word_1_65' title='bbox 2143 862 2267 927; x_wconf 93' lang='lat' dir='ltr'>hoc</span> 
     </span>
     <span class='ocr_line' id='line_1_19' title="bbox 243 949 2265 1035; baseline 0 -20"><span class='ocrx_word' id='word_1_66' title='bbox 243 949 682 1035; x_wconf 84' lang='lat' dir='ltr'>philosophia:</span> <span class='ocrx_word' id='word_1_67' title='bbox 727 950 1021 1015; x_wconf 90' lang='lat' dir='ltr'>medetur</span> <span class='ocrx_word' id='word_1_68' title='bbox 1067 949 1329 1033; x_wconf 87' lang='lat' dir='ltr'>animis,</span> <span class='ocrx_word' id='word_1_69' title='bbox 1374 949 1597 1014; x_wconf 87' lang='lat' dir='ltr'>inanes</span> <span class='ocrx_word' id='word_1_70' title='bbox 1643 949 2114 1016; x_wconf 69' lang='lat' dir='ltr'>sollicitudines</span> <span class='ocrx_word' id='word_1_71' title='bbox 2160 951 2265 1015; x_wconf 92' lang='lat' dir='ltr'>de-</span> 
     </span>
     <span class='ocr_line' id='line_1_20' title="bbox 241 1036 2265 1122; baseline 0.001 -19"><span class='ocrx_word' id='word_1_72' title='bbox 241 1037 477 1116; x_wconf 84' lang='lat' dir='ltr'>trahit,</span> <span class='ocrx_word' id='word_1_73' title='bbox 524 1037 987 1122; x_wconf 69' lang='lat' dir='ltr'>cupiditatibus</span> <span class='ocrx_word' id='word_1_74' title='bbox 1035 1038 1295 1122; x_wconf 86' lang='lat' dir='ltr'>liberat,</span> <span class='ocrx_word' id='word_1_75' title='bbox 1341 1038 1530 1120; x_wconf 90' lang='lat' dir='ltr'>pellit</span> <span class='ocrx_word' id='word_1_76' title='bbox 1572 1038 1857 1103; x_wconf 90' lang='lat' dir='ltr'>timores.</span> <span class='ocrx_word' id='word_1_77' title='bbox 1936 1036 2061 1102; x_wconf 84' lang='lat' dir='ltr'>Sed</span> <span class='ocrx_word' id='word_1_78' title='bbox 2104 1038 2265 1105; x_wconf 86' lang='lat' dir='ltr'>haec</span> 
     </span>
    </p>

    <p class='ocr_par' dir='ltr' id='par_1_5' title="bbox 161 1125 2267 2444">
     <span class='ocr_line' id='line_1_21' title="bbox 165 1125 2265 1210; baseline 0 -18"><span class='ocrx_word' id='word_1_79' title='bbox 165 1154 218 1192; x_wconf 87' lang='grc' dir='ltr'>ιο</span> <span class='ocrx_word' id='word_1_80' title='bbox 243 1127 382 1192; x_wconf 91' lang='lat' dir='ltr'>eius</span> <span class='ocrx_word' id='word_1_81' title='bbox 427 1126 527 1192; x_wconf 81' lang='lat' dir='ltr'>vis</span> <span class='ocrx_word' id='word_1_82' title='bbox 562 1146 696 1192; x_wconf 91' lang='lat' dir='ltr'>non</span> <span class='ocrx_word' id='word_1_83' title='bbox 737 1125 909 1191; x_wconf 89' lang='lat' dir='ltr'>idem</span> <span class='ocrx_word' id='word_1_84' title='bbox 952 1130 1172 1209; x_wconf 89' lang='lat' dir='ltr'>potest</span> <span class='ocrx_word' id='word_1_85' title='bbox 1213 1125 1387 1210; x_wconf 91' lang='lat' dir='ltr'>apud</span> <span class='ocrx_word' id='word_1_86' title='bbox 1436 1126 1673 1209; x_wconf 84' lang='lat' dir='ltr'>omnis3</span> <span class='ocrx_word' id='word_1_87' title='bbox 1718 1128 1859 1191; x_wconf 89' lang='lat' dir='ltr'>tum</span> <span class='ocrx_word' id='word_1_88' title='bbox 1894 1126 2070 1191; x_wconf 83' lang='lat' dir='ltr'>valet</span> <span class='ocrx_word' id='word_1_89' title='bbox 2105 1128 2265 1193; x_wconf 89' lang='lat' dir='ltr'>mul-</span> 
     </span>
     <span class='ocr_line' id='line_1_22' title="bbox 242 1213 2265 1299; baseline 0 -18"><span class='ocrx_word' id='word_1_90' title='bbox 242 1219 410 1299; x_wconf 84' lang='lat' dir='ltr'>tum,</span> <span class='ocrx_word' id='word_1_91' title='bbox 474 1236 620 1280; x_wconf 90' lang='grc'>011111</span> <span class='ocrx_word' id='word_1_92' title='bbox 677 1217 778 1279; x_wconf 91' lang='lat' dir='ltr'>est</span> <span class='ocrx_word' id='word_1_93' title='bbox 839 1214 1134 1279; x_wconf 79' lang='lat' dir='ltr'>idoneam</span> <span class='ocrx_word' id='word_1_94' title='bbox 1201 1213 1514 1298; x_wconf 84' lang='lat' dir='ltr'>conplexa</span> <span class='ocrx_word' id='word_1_95' title='bbox 1575 1217 1897 1280; x_wconf 83' lang='lat' dir='ltr'>naturam.</span> <span class='ocrx_word' id='word_1_96' title='bbox 2004 1213 2265 1281; x_wconf 74' lang='lat' dir='ltr'>‘Fortis’</span> 
     </span>
     <span class='ocr_line' id='line_1_23' title="bbox 244 1301 2265 1386; baseline 0 -18"><span class='ocrx_word' id='word_1_97' title='bbox 244 1304 418 1368; x_wconf 88' lang='grc'>0111111</span> <span class='ocrx_word' id='word_1_98' title='bbox 479 1324 612 1369; x_wconf 91' lang='grc'>11011</span> <span class='ocrx_word' id='word_1_99' title='bbox 664 1302 854 1368; x_wconf 86' lang='grc' dir='ltr'>1110ᾶο</span> <span class='ocrx_word' id='word_1_100' title='bbox 912 1301 1195 1367; x_wconf 74' lang='lat' dir='ltr'>‘fortuna</span> <span class='ocrx_word' id='word_1_101' title='bbox 1257 1301 1581 1386; x_wconf 84' lang='lat' dir='ltr'>adiuvat&#39;,</span> <span class='ocrx_word' id='word_1_102' title='bbox 1634 1305 1712 1367; x_wconf 90' lang='lat' dir='ltr'>ut</span> <span class='ocrx_word' id='word_1_103' title='bbox 1766 1307 1870 1368; x_wconf 90' lang='lat' dir='ltr'>est</span> <span class='ocrx_word' id='word_1_104' title='bbox 1922 1302 1993 1367; x_wconf 87' lang='lat' dir='ltr'>in</span> <span class='ocrx_word' id='word_1_105' title='bbox 2050 1306 2265 1370; x_wconf 81' lang='lat' dir='ltr'>vetere</span> 
     </span>
     <span class='ocr_line' id='line_1_24' title="bbox 243 1389 2266 1476; baseline 0 -20"><span class='ocrx_word' id='word_1_106' title='bbox 243 1390 587 1476; x_wconf 81' lang='lat' dir='ltr'>proverbio</span> <span class='ocrx_word' id='word_1_107' title='bbox 597 1440 616 1475; x_wconf 89' lang='lat'>‚</span> <span class='ocrx_word' id='word_1_108' title='bbox 669 1390 783 1455; x_wconf 90' lang='lat' dir='ltr'>sed</span> <span class='ocrx_word' id='word_1_109' title='bbox 845 1391 1051 1456; x_wconf 86' lang='lat' dir='ltr'>multo</span> <span class='ocrx_word' id='word_1_110' title='bbox 1117 1389 1329 1475; x_wconf 82' lang='lat' dir='ltr'>magis</span> <span class='ocrx_word' id='word_1_111' title='bbox 1392 1390 1587 1474; x_wconf 86' lang='lat' dir='ltr'>ratio,</span> <span class='ocrx_word' id='word_1_112' title='bbox 1651 1412 1816 1475; x_wconf 88' lang='lat' dir='ltr'>quae</span> <span class='ocrx_word' id='word_1_113' title='bbox 1880 1391 2266 1476; x_wconf 89' lang='lat' dir='ltr'>quibusdam</span> 
     </span>
     <span class='ocr_line' id='line_1_25' title="bbox 244 1478 2267 1564; baseline 0.001 -21"><span class='ocrx_word' id='word_1_114' title='bbox 244 1478 433 1564; x_wconf 84' lang='lat' dir='ltr'>quasi</span> <span class='ocrx_word' id='word_1_115' title='bbox 477 1478 838 1563; x_wconf 85' lang='lat' dir='ltr'>praeceptis</span> <span class='ocrx_word' id='word_1_116' title='bbox 876 1478 1215 1545; x_wconf 83' lang='lat' dir='ltr'>confirmat</span> <span class='ocrx_word' id='word_1_117' title='bbox 1249 1479 1383 1544; x_wconf 85' lang='lat' dir='ltr'>vim</span> <span class='ocrx_word' id='word_1_118' title='bbox 1418 1478 1836 1544; x_wconf 86' lang='lat' dir='ltr'>fortitudinis.</span> <span class='ocrx_word' id='word_1_119' title='bbox 1907 1478 1997 1543; x_wconf 85' lang='lat' dir='ltr'>Te</span> <span class='ocrx_word' id='word_1_120' title='bbox 2031 1484 2267 1545; x_wconf 90' lang='lat' dir='ltr'>natura</span> 
     </span>
     <span class='ocr_line' id='line_1_26' title="bbox 162 1567 2265 1652; baseline 0 -19"><span class='ocrx_word' id='word_1_121' title='bbox 162 1595 216 1634; x_wconf 83' lang='lat'>15</span> <span class='ocrx_word' id='word_1_122' title='bbox 243 1567 571 1633; x_wconf 83' lang='lat' dir='ltr'>excelsum</span> <span class='ocrx_word' id='word_1_123' title='bbox 626 1567 945 1652; x_wconf 87' lang='lat' dir='ltr'>quendam</span> <span class='ocrx_word' id='word_1_124' title='bbox 997 1567 1299 1632; x_wconf 74' lang='lat' dir='ltr'>videlicet</span> <span class='ocrx_word' id='word_1_125' title='bbox 1343 1570 1410 1631; x_wconf 93' lang='lat' dir='ltr'>et</span> <span class='ocrx_word' id='word_1_126' title='bbox 1454 1567 1659 1633; x_wconf 88' lang='lat' dir='ltr'>altum</span> <span class='ocrx_word' id='word_1_127' title='bbox 1705 1570 1773 1631; x_wconf 90' lang='lat' dir='ltr'>et</span> <span class='ocrx_word' id='word_1_128' title='bbox 1827 1567 2115 1632; x_wconf 89' lang='lat' dir='ltr'>humana</span> <span class='ocrx_word' id='word_1_129' title='bbox 2160 1568 2265 1633; x_wconf 91' lang='lat' dir='ltr'>de-</span> 
     </span>
     <span class='ocr_line' id='line_1_27' title="bbox 243 1654 2265 1741; baseline -0 -20"><span class='ocrx_word' id='word_1_130' title='bbox 243 1655 625 1739; x_wconf 90' lang='lat' dir='ltr'>spicientem</span> <span class='ocrx_word' id='word_1_131' title='bbox 670 1656 923 1740; x_wconf 87' lang='lat' dir='ltr'>genuit,</span> <span class='ocrx_word' id='word_1_132' title='bbox 965 1656 1186 1741; x_wconf 89' lang='lat' dir='ltr'>itaque</span> <span class='ocrx_word' id='word_1_133' title='bbox 1230 1655 1426 1720; x_wconf 89' lang='lat' dir='ltr'>facile</span> <span class='ocrx_word' id='word_1_134' title='bbox 1470 1656 1541 1720; x_wconf 91' lang='lat' dir='ltr'>in</span> <span class='ocrx_word' id='word_1_135' title='bbox 1577 1654 1798 1721; x_wconf 89' lang='lat' dir='ltr'>animo</span> <span class='ocrx_word' id='word_1_136' title='bbox 1843 1655 2001 1721; x_wconf 87' lang='lat' dir='ltr'>forti</span> <span class='ocrx_word' id='word_1_137' title='bbox 2038 1659 2265 1722; x_wconf 88' lang='lat' dir='ltr'>contra</span> 
     </span>
     <span class='ocr_line' id='line_1_28' title="bbox 239 1742 2265 1810; baseline -0 0"><span class='ocrx_word' id='word_1_138' title='bbox 239 1748 522 1810; x_wconf 89' lang='lat' dir='ltr'>mortem</span> <span class='ocrx_word' id='word_1_139' title='bbox 574 1743 802 1809; x_wconf 86' lang='lat' dir='ltr'>habita</span> <span class='ocrx_word' id='word_1_140' title='bbox 860 1744 1099 1809; x_wconf 89' lang='lat' dir='ltr'>insedit</span> <span class='ocrx_word' id='word_1_141' title='bbox 1143 1744 1371 1809; x_wconf 88' lang='lat' dir='ltr'>oratio.</span> <span class='ocrx_word' id='word_1_142' title='bbox 1464 1742 1587 1810; x_wconf 87' lang='lat' dir='ltr'>Sed</span> <span class='ocrx_word' id='word_1_143' title='bbox 1632 1744 1790 1807; x_wconf 92' lang='lat' dir='ltr'>haec</span> <span class='ocrx_word' id='word_1_144' title='bbox 1836 1742 2061 1808; x_wconf 88' lang='lat' dir='ltr'>eadem</span> <span class='ocrx_word' id='word_1_145' title='bbox 2106 1765 2265 1809; x_wconf 90' lang='lat' dir='ltr'>num</span> 
     </span>
     <span class='ocr_line' id='line_1_29' title="bbox 239 1830 2265 1917; baseline 0 -20"><span class='ocrx_word' id='word_1_146' title='bbox 239 1853 465 1899; x_wconf 88' lang='lat' dir='ltr'>censes</span> <span class='ocrx_word' id='word_1_147' title='bbox 521 1832 692 1916; x_wconf 92' lang='lat' dir='ltr'>apud</span> <span class='ocrx_word' id='word_1_148' title='bbox 747 1853 857 1898; x_wconf 93' lang='lat' dir='ltr'>eos</span> <span class='ocrx_word' id='word_1_149' title='bbox 911 1832 1090 1917; x_wconf 89' lang='lat' dir='ltr'>ipsos</span> <span class='ocrx_word' id='word_1_150' title='bbox 1146 1833 1362 1897; x_wconf 84' lang='lat' dir='ltr'>valere</span> <span class='ocrx_word' id='word_1_151' title='bbox 1414 1832 1547 1896; x_wconf 92' lang='lat' dir='ltr'>nisi</span> <span class='ocrx_word' id='word_1_152' title='bbox 1600 1830 1945 1896; x_wconf 87' lang='lat' dir='ltr'>admodum</span> <span class='ocrx_word' id='word_1_153' title='bbox 2002 1854 2265 1916; x_wconf 73' lang='lat' dir='ltr'>paucos,</span> 
     </span>
     <span class='ocr_line' id='line_1_30' title="bbox 241 1917 2263 2023; baseline 0 -38"><span class='ocrx_word' id='word_1_154' title='bbox 241 1944 284 1985; x_wconf 91' lang='lat' dir='ltr'>a</span> <span class='ocrx_word' id='word_1_155' title='bbox 318 1921 555 2023; x_wconf 88' lang='lat' dir='ltr'>quibus</span> <span class='ocrx_word' id='word_1_156' title='bbox 590 1921 880 2005; x_wconf 81' lang='lat' dir='ltr'>inventa,</span> <span class='ocrx_word' id='word_1_157' title='bbox 926 1921 1284 2005; x_wconf 88' lang='lat' dir='ltr'>disputata,</span> <span class='ocrx_word' id='word_1_158' title='bbox 1332 1920 1701 2003; x_wconf 86' lang='lat' dir='ltr'>conscripta</span> <span class='ocrx_word' id='word_1_159' title='bbox 1738 1917 1930 1983; x_wconf 79' lang='lat' dir='ltr'>sunt?</span> <span class='ocrx_word' id='word_1_160' title='bbox 2014 1919 2263 1997; x_wconf 84' lang='lat' dir='ltr'>Quotus</span> 
     </span>
     <span class='ocr_line' id='line_1_31' title="bbox 161 1970 2264 2109; baseline -0.001 -34"><span class='ocrx_word' id='word_1_161' title='bbox 161 2037 216 2075; x_wconf 81' lang='lat'>20</span> <span class='ocrx_word' id='word_1_162' title='bbox 243 2010 420 2073; x_wconf 90' lang='lat' dir='ltr'>enim</span> <span class='ocrx_word' id='word_1_163' title='bbox 484 2009 754 2093; x_wconf 90' lang='lat' dir='ltr'>quisque</span> <span class='ocrx_word' id='word_1_164' title='bbox 814 1970 1355 2109; x_wconf 79' lang='lat' dir='ltr'>philosophorum</span> <span class='ocrx_word' id='word_1_165' title='bbox 1420 2006 1774 2081; x_wconf 82' lang='lat' dir='ltr'>invenitur,</span> <span class='ocrx_word' id='word_1_166' title='bbox 1846 2006 1955 2093; x_wconf 81' lang='lat' dir='ltr'>qui</span> <span class='ocrx_word' id='word_1_167' title='bbox 2018 2007 2107 2072; x_wconf 89' lang='lat' dir='ltr'>sit</span> <span class='ocrx_word' id='word_1_168' title='bbox 2169 2008 2264 2073; x_wconf 89' lang='lat' dir='ltr'>ita</span> 
     </span>
     <span class='ocr_line' id='line_1_32' title="bbox 243 2089 2263 2179; baseline 0.002 -20"><span class='ocrx_word' id='word_1_169' title='bbox 243 2099 560 2179; x_wconf 87' lang='lat' dir='ltr'>moratus,</span> <span class='ocrx_word' id='word_1_170' title='bbox 595 2096 692 2160; x_wconf 91' lang='lat' dir='ltr'>ita</span> <span class='ocrx_word' id='word_1_171' title='bbox 727 2096 946 2161; x_wconf 88' lang='lat' dir='ltr'>animo</span> <span class='ocrx_word' id='word_1_172' title='bbox 984 2118 1060 2162; x_wconf 90' lang='lat' dir='ltr'>ac</span> <span class='ocrx_word' id='word_1_173' title='bbox 1093 2098 1230 2161; x_wconf 82' lang='lat' dir='ltr'>vita</span> <span class='ocrx_word' id='word_1_174' title='bbox 1264 2096 1684 2179; x_wconf 86' lang='lat' dir='ltr'>constitutus,</span> <span class='ocrx_word' id='word_1_175' title='bbox 1721 2089 1797 2159; x_wconf 87' lang='lat' dir='ltr'>ut</span> <span class='ocrx_word' id='word_1_176' title='bbox 1830 2097 2001 2160; x_wconf 87' lang='lat' dir='ltr'>ratio</span> <span class='ocrx_word' id='word_1_177' title='bbox 2037 2100 2263 2179; x_wconf 91' lang='lat' dir='ltr'>postu-</span> 
     </span>
     <span class='ocr_line' id='line_1_33' title="bbox 241 2182 2264 2268; baseline 0.001 -21"><span class='ocrx_word' id='word_1_178' title='bbox 241 2182 382 2248; x_wconf 76' lang='lat' dir='ltr'>lat?</span> <span class='ocrx_word' id='word_1_179' title='bbox 417 2184 527 2267; x_wconf 87' lang='lat' dir='ltr'>qui</span> <span class='ocrx_word' id='word_1_180' title='bbox 562 2182 972 2268; x_wconf 84' lang='lat' dir='ltr'>disciplinam</span> <span class='ocrx_word' id='word_1_181' title='bbox 1007 2206 1193 2250; x_wconf 88' lang='lat' dir='ltr'>suam</span> <span class='ocrx_word' id='word_1_182' title='bbox 1225 2205 1360 2250; x_wconf 90' lang='lat' dir='ltr'>non</span> <span class='ocrx_word' id='word_1_183' title='bbox 1397 2183 1902 2249; x_wconf 87' lang='lat' dir='ltr'>ostentationem</span> <span class='ocrx_word' id='word_1_184' title='bbox 1939 2184 2264 2268; x_wconf 86' lang='lat' dir='ltr'>scientiae,</span> 
     </span>
     <span class='ocr_line' id='line_1_34' title="bbox 245 2270 2264 2357; baseline 0 -21"><span class='ocrx_word' id='word_1_185' title='bbox 245 2270 358 2337; x_wconf 89' lang='lat' dir='ltr'>sed</span> <span class='ocrx_word' id='word_1_186' title='bbox 411 2271 625 2357; x_wconf 85' lang='lat' dir='ltr'>legem</span> <span class='ocrx_word' id='word_1_187' title='bbox 679 2273 850 2337; x_wconf 83' lang='lat' dir='ltr'>vitae</span> <span class='ocrx_word' id='word_1_188' title='bbox 902 2273 1131 2355; x_wconf 82' lang='lat' dir='ltr'>putet?</span> <span class='ocrx_word' id='word_1_189' title='bbox 1187 2273 1297 2357; x_wconf 91' lang='lat' dir='ltr'>qui</span> <span class='ocrx_word' id='word_1_190' title='bbox 1351 2273 1753 2356; x_wconf 89' lang='lat' dir='ltr'>obtemperet</span> <span class='ocrx_word' id='word_1_191' title='bbox 1813 2272 1954 2356; x_wconf 91' lang='lat' dir='ltr'>ipse</span> <span class='ocrx_word' id='word_1_192' title='bbox 2010 2272 2138 2337; x_wconf 86' lang='lat' dir='ltr'>sibi</span> <span class='ocrx_word' id='word_1_193' title='bbox 2198 2276 2264 2337; x_wconf 94' lang='lat' dir='ltr'>et</span> 
     </span>
     <span class='ocr_line' id='line_1_35' title="bbox 245 2359 2260 2444; baseline 0 -19"><span class='ocrx_word' id='word_1_194' title='bbox 245 2359 520 2425; x_wconf 84' lang='lat' dir='ltr'>decretis</span> <span class='ocrx_word' id='word_1_195' title='bbox 566 2360 701 2425; x_wconf 87' lang='lat' dir='ltr'>suis</span> <span class='ocrx_word' id='word_1_196' title='bbox 744 2360 1015 2444; x_wconf 76' lang='lat' dir='ltr'>pareat?</span> <span class='ocrx_word' id='word_1_197' title='bbox 1085 2359 1320 2425; x_wconf 85' lang='lat' dir='ltr'>Videre</span> <span class='ocrx_word' id='word_1_198' title='bbox 1364 2361 1517 2426; x_wconf 94' lang='lat' dir='ltr'>licet</span> <span class='ocrx_word' id='word_1_199' title='bbox 1558 2361 1720 2425; x_wconf 90' lang='lat' dir='ltr'>alios</span> <span class='ocrx_word' id='word_1_200' title='bbox 1765 2362 1953 2425; x_wconf 89' lang='lat' dir='ltr'>tanta</span> <span class='ocrx_word' id='word_1_201' title='bbox 1994 2361 2260 2425; x_wconf 83' lang='lat' dir='ltr'>levitate</span> 
     </span>
    </p>
   </div>
   <div class='ocr_carea' id='block_1_4' title="bbox 60 2447 2262 2533">
    <p class='ocr_par' dir='ltr' id='par_1_6' title="bbox 60 2447 2262 2533">
     <span class='ocr_line' id='line_1_36' title="bbox 60 2447 2262 2533; baseline -0 -19"><span class='ocrx_word' id='word_1_202' title='bbox 60 2466 68 2474; x_wconf 87' lang='grc'><strong>“</strong></span> <span class='ocrx_word' id='word_1_203' title='bbox 161 2473 216 2514; x_wconf 85' lang='lat'>25</span> <span class='ocrx_word' id='word_1_204' title='bbox 245 2452 312 2513; x_wconf 94' lang='lat' dir='ltr'>et</span> <span class='ocrx_word' id='word_1_205' title='bbox 354 2447 732 2533; x_wconf 88' lang='lat' dir='ltr'>iactatione,</span> <span class='ocrx_word' id='word_1_206' title='bbox 775 2451 852 2513; x_wconf 88' lang='lat' dir='ltr'>ut</span> <span class='ocrx_word' id='word_1_207' title='bbox 893 2448 976 2514; x_wconf 92' lang='lat' dir='ltr'>iis</span> <span class='ocrx_word' id='word_1_208' title='bbox 1020 2448 1217 2513; x_wconf 85' lang='lat' dir='ltr'>fuerit</span> <span class='ocrx_word' id='word_1_209' title='bbox 1259 2470 1393 2514; x_wconf 90' lang='lat' dir='ltr'>non</span> <span class='ocrx_word' id='word_1_210' title='bbox 1436 2449 1735 2514; x_wconf 86' lang='lat' dir='ltr'>didicisse</span> <span class='ocrx_word' id='word_1_211' title='bbox 1780 2448 2039 2532; x_wconf 87' lang='lat' dir='ltr'>melius,</span> <span class='ocrx_word' id='word_1_212' title='bbox 2098 2448 2262 2513; x_wconf 89' lang='lat' dir='ltr'>alios</span> 
     </span>
    </p>
   </div>
   <div class='ocr_carea' id='block_1_5' title="bbox 161 2536 2263 3414">
    <p class='ocr_par' dir='ltr' id='par_1_7' title="bbox 161 2536 2263 3414">
     <span class='ocr_line' id='line_1_37' title="bbox 241 2536 2263 2622; baseline 0 -21"><span class='ocrx_word' id='word_1_213' title='bbox 241 2540 553 2621; x_wconf 88' lang='lat' dir='ltr'>pecuniae</span> <span class='ocrx_word' id='word_1_214' title='bbox 589 2536 880 2621; x_wconf 85' lang='lat' dir='ltr'>cupidos,</span> <span class='ocrx_word' id='word_1_215' title='bbox 917 2538 1164 2622; x_wconf 84' lang='lat' dir='ltr'>gloriae</span> <span class='ocrx_word' id='word_1_216' title='bbox 1202 2558 1334 2603; x_wconf 90' lang='lat' dir='ltr'>non</span> <span class='ocrx_word' id='word_1_217' title='bbox 1367 2538 1601 2619; x_wconf 91' lang='lat' dir='ltr'>nullos,</span> <span class='ocrx_word' id='word_1_218' title='bbox 1642 2537 1885 2602; x_wconf 89' lang='lat' dir='ltr'>multos</span> <span class='ocrx_word' id='word_1_219' title='bbox 1920 2536 2263 2601; x_wconf 87' lang='lat' dir='ltr'>libidinum</span> 
     </span>
     <span class='ocr_line' id='line_1_38' title="bbox 245 2624 2261 2709; baseline -0.001 -19"><span class='ocrx_word' id='word_1_220' title='bbox 245 2646 490 2709; x_wconf 87' lang='lat' dir='ltr'>servos,</span> <span class='ocrx_word' id='word_1_221' title='bbox 535 2627 611 2690; x_wconf 89' lang='lat' dir='ltr'>ut</span> <span class='ocrx_word' id='word_1_222' title='bbox 654 2647 800 2690; x_wconf 91' lang='lat' dir='ltr'>cum</span> <span class='ocrx_word' id='word_1_223' title='bbox 847 2646 1068 2690; x_wconf 89' lang='lat' dir='ltr'>eorum</span> <span class='ocrx_word' id='word_1_224' title='bbox 1121 2626 1258 2689; x_wconf 84' lang='lat' dir='ltr'>vita</span> <span class='ocrx_word' id='word_1_225' title='bbox 1301 2626 1688 2691; x_wconf 87' lang='lat' dir='ltr'>mirabiliter</span> <span class='ocrx_word' id='word_1_226' title='bbox 1740 2626 1991 2709; x_wconf 85' lang='lat' dir='ltr'>pugnet</span> <span class='ocrx_word' id='word_1_227' title='bbox 2036 2624 2261 2689; x_wconf 88' lang='lat' dir='ltr'>oratio.</span> 
     </span>
     <span class='ocr_line' id='line_1_39' title="bbox 244 2710 2263 2816; baseline -0 -39"><span class='ocrx_word' id='word_1_228' title='bbox 244 2711 430 2789; x_wconf 87' lang='lat' dir='ltr'>Quod</span> <span class='ocrx_word' id='word_1_229' title='bbox 492 2713 746 2815; x_wconf 89' lang='lat' dir='ltr'>quidem</span> <span class='ocrx_word' id='word_1_230' title='bbox 818 2712 980 2777; x_wconf 87' lang='lat' dir='ltr'>mihi</span> <span class='ocrx_word' id='word_1_231' title='bbox 1044 2713 1298 2778; x_wconf 84' lang='lat' dir='ltr'>videtur</span> <span class='ocrx_word' id='word_1_232' title='bbox 1372 2736 1513 2779; x_wconf 91' lang='lat' dir='ltr'>esse</span> <span class='ocrx_word' id='word_1_233' title='bbox 1584 2714 2051 2816; x_wconf 87' lang='lat' dir='ltr'>turpissimum.</span> <span class='ocrx_word' id='word_1_234' title='bbox 2168 2710 2263 2777; x_wconf 91' lang='lat' dir='ltr'>Ut</span> 
     </span>
     <span class='ocr_line' id='line_1_40' title="bbox 244 2800 2259 2903; baseline -0 -38"><span class='ocrx_word' id='word_1_235' title='bbox 244 2801 441 2885; x_wconf 88' lang='grc'>0111111,</span> <span class='ocrx_word' id='word_1_236' title='bbox 485 2801 543 2866; x_wconf 89' lang='lat' dir='ltr'>si</span> <span class='ocrx_word' id='word_1_237' title='bbox 587 2802 1084 2903; x_wconf 83' lang='lat' dir='ltr'>grammaticum</span> <span class='ocrx_word' id='word_1_238' title='bbox 1127 2822 1196 2865; x_wconf 88' lang='lat' dir='ltr'>se</span> <span class='ocrx_word' id='word_1_239' title='bbox 1241 2802 1570 2885; x_wconf 85' lang='lat' dir='ltr'>professus</span> <span class='ocrx_word' id='word_1_240' title='bbox 1617 2800 1941 2903; x_wconf 88' lang='lat' dir='ltr'>quispiam</span> <span class='ocrx_word' id='word_1_241' title='bbox 1986 2800 2259 2865; x_wconf 86' lang='lat' dir='ltr'>barbare</span> 
     </span>
     <span class='ocr_line' id='line_1_41' title="bbox 162 2888 2261 2991; baseline -0.001 -36"><span class='ocrx_word' id='word_1_242' title='bbox 162 2914 216 2955; x_wconf 70' lang='lat' dir='ltr'>so</span> <span class='ocrx_word' id='word_1_243' title='bbox 241 2889 568 2973; x_wconf 89' lang='lat' dir='ltr'>loquatur,</span> <span class='ocrx_word' id='word_1_244' title='bbox 612 2892 726 2954; x_wconf 90' lang='lat' dir='ltr'>aut</span> <span class='ocrx_word' id='word_1_245' title='bbox 769 2888 828 2954; x_wconf 85' lang='lat' dir='ltr'>si</span> <span class='ocrx_word' id='word_1_246' title='bbox 873 2889 1146 2955; x_wconf 85' lang='lat' dir='ltr'>absurde</span> <span class='ocrx_word' id='word_1_247' title='bbox 1192 2893 1385 2955; x_wconf 85' lang='lat' dir='ltr'>canat</span> <span class='ocrx_word' id='word_1_248' title='bbox 1428 2891 1512 2973; x_wconf 88' lang='lat' dir='ltr'>is,</span> <span class='ocrx_word' id='word_1_249' title='bbox 1557 2891 1668 2991; x_wconf 81' lang='lat' dir='ltr'>qui</span> <span class='ocrx_word' id='word_1_250' title='bbox 1715 2910 1785 2955; x_wconf 90' lang='lat' dir='ltr'>se</span> <span class='ocrx_word' id='word_1_251' title='bbox 1830 2888 2059 2953; x_wconf 88' lang='lat' dir='ltr'>haberi</span> <span class='ocrx_word' id='word_1_252' title='bbox 2103 2889 2261 2953; x_wconf 84' lang='lat' dir='ltr'>velit</span> 
     </span>
     <span class='ocr_line' id='line_1_42' title="bbox 241 2976 2259 3062; baseline 0 -21"><span class='ocrx_word' id='word_1_253' title='bbox 241 2976 584 3061; x_wconf 88' lang='lat' dir='ltr'>musicum,</span> <span class='ocrx_word' id='word_1_254' title='bbox 645 2976 772 3043; x_wconf 91' lang='lat' dir='ltr'>hoc</span> <span class='ocrx_word' id='word_1_255' title='bbox 827 2977 1080 3062; x_wconf 88' lang='lat' dir='ltr'>turpior</span> <span class='ocrx_word' id='word_1_256' title='bbox 1143 2978 1256 3062; x_wconf 88' lang='lat' dir='ltr'>sit,</span> <span class='ocrx_word' id='word_1_257' title='bbox 1320 2977 1492 3062; x_wconf 93' lang='lat' dir='ltr'>quod</span> <span class='ocrx_word' id='word_1_258' title='bbox 1554 2978 1623 3042; x_wconf 92' lang='lat' dir='ltr'>in</span> <span class='ocrx_word' id='word_1_259' title='bbox 1687 2999 1764 3043; x_wconf 94' lang='grc'>00</span> <span class='ocrx_word' id='word_1_260' title='bbox 1817 2978 1964 3061; x_wconf 88' lang='lat' dir='ltr'>ipso</span> <span class='ocrx_word' id='word_1_261' title='bbox 2023 2980 2259 3061; x_wconf 92' lang='lat' dir='ltr'>peccet,</span> 
     </span>
     <span class='ocr_line' id='line_1_43' title="bbox 243 3064 2258 3151; baseline -0 -22"><span class='ocrx_word' id='word_1_262' title='bbox 243 3064 424 3129; x_wconf 90' lang='lat' dir='ltr'>cuius</span> <span class='ocrx_word' id='word_1_263' title='bbox 485 3064 825 3150; x_wconf 85' lang='lat' dir='ltr'>profitetur</span> <span class='ocrx_word' id='word_1_264' title='bbox 887 3065 1248 3149; x_wconf 86' lang='lat' dir='ltr'>scientiam,</span> <span class='ocrx_word' id='word_1_265' title='bbox 1314 3066 1408 3131; x_wconf 87' lang='lat' dir='ltr'>sic</span> <span class='ocrx_word' id='word_1_266' title='bbox 1468 3065 1892 3151; x_wconf 90' lang='lat' dir='ltr'>philosophus</span> <span class='ocrx_word' id='word_1_267' title='bbox 1955 3064 2027 3129; x_wconf 90' lang='lat' dir='ltr'>in</span> <span class='ocrx_word' id='word_1_268' title='bbox 2088 3066 2258 3129; x_wconf 82' lang='lat' dir='ltr'>vitae</span> 
     </span>
     <span class='ocr_line' id='line_1_44' title="bbox 241 3153 2259 3238; baseline -0 -22"><span class='ocrx_word' id='word_1_269' title='bbox 241 3153 493 3218; x_wconf 85' lang='lat' dir='ltr'>ratione</span> <span class='ocrx_word' id='word_1_270' title='bbox 528 3174 801 3238; x_wconf 87' lang='lat' dir='ltr'>peccans</span> <span class='ocrx_word' id='word_1_271' title='bbox 846 3154 972 3219; x_wconf 89' lang='lat' dir='ltr'>hoc</span> <span class='ocrx_word' id='word_1_272' title='bbox 1014 3154 1269 3237; x_wconf 84' lang='lat' dir='ltr'>turpior</span> <span class='ocrx_word' id='word_1_273' title='bbox 1305 3157 1430 3237; x_wconf 84' lang='lat' dir='ltr'>est,</span> <span class='ocrx_word' id='word_1_274' title='bbox 1477 3153 1649 3238; x_wconf 91' lang='lat' dir='ltr'>quod</span> <span class='ocrx_word' id='word_1_275' title='bbox 1684 3154 1755 3218; x_wconf 92' lang='lat' dir='ltr'>in</span> <span class='ocrx_word' id='word_1_276' title='bbox 1791 3154 2031 3237; x_wconf 86' lang='lat' dir='ltr'>officio,</span> <span class='ocrx_word' id='word_1_277' title='bbox 2077 3153 2259 3217; x_wconf 89' lang='lat' dir='ltr'>cuius</span> 
     </span>
     <span class='ocr_line' id='line_1_45' title="bbox 241 3240 2259 3327; baseline 0 -22"><span class='ocrx_word' id='word_1_278' title='bbox 241 3240 552 3325; x_wconf 85' lang='lat' dir='ltr'>magister</span> <span class='ocrx_word' id='word_1_279' title='bbox 604 3262 746 3306; x_wconf 90' lang='lat' dir='ltr'>esse</span> <span class='ocrx_word' id='word_1_280' title='bbox 801 3242 968 3325; x_wconf 82' lang='lat' dir='ltr'>vult,</span> <span class='ocrx_word' id='word_1_281' title='bbox 1023 3242 1265 3306; x_wconf 86' lang='lat' dir='ltr'>labitur</span> <span class='ocrx_word' id='word_1_282' title='bbox 1320 3246 1651 3327; x_wconf 87' lang='lat' dir='ltr'>artemque</span> <span class='ocrx_word' id='word_1_283' title='bbox 1695 3242 1865 3307; x_wconf 81' lang='lat' dir='ltr'>vitae</span> <span class='ocrx_word' id='word_1_284' title='bbox 1926 3240 2259 3326; x_wconf 82' lang='lat' dir='ltr'>professus</span> 
     </span>
     <span class='ocr_line' id='line_1_46' title="bbox 161 3328 870 3414; baseline -0.001 -21"><span class='ocrx_word' id='word_1_285' title='bbox 161 3353 216 3394; x_wconf 74' lang='lat'>⁸5</span> <span class='ocrx_word' id='word_1_286' title='bbox 243 3328 559 3414; x_wconf 91' lang='lat' dir='ltr'>delinquit</span> <span class='ocrx_word' id='word_1_287' title='bbox 603 3329 674 3393; x_wconf 90' lang='lat' dir='ltr'>in</span> <span class='ocrx_word' id='word_1_288' title='bbox 714 3328 870 3394; x_wconf 75' lang='lat' dir='ltr'>vita.</span> 
     </span>
    </p>
   </div>
   <div class='ocr_carea' id='block_1_6' title="bbox 2308 874 2371 923">
    <p class='ocr_par' dir='ltr' id='par_1_8' title="bbox 2308 874 2371 923">
     <span class='ocr_line' id='line_1_47' title="bbox 2308 874 2371 923; baseline 0.016 -1"><span class='ocrx_word' id='word_1_289' title='bbox 2308 874 2371 923; x_wconf 90' lang='lat'>11</span> 
     </span>
    </p>
   </div>
   <div class='ocr_carea' id='block_1_7' title="bbox 2300 2371 2366 2421">
    <p class='ocr_par' dir='ltr' id='par_1_9' title="bbox 2300 2371 2366 2421">
     <span class='ocr_line' id='line_1_48' title="bbox 2300 2371 2366 2421; baseline 0.015 -1"><span class='ocrx_word' id='word_1_290' title='bbox 2300 2371 2366 2421; x_wconf 76' lang='lat'>12</span> 
     </span>
    </p>
   </div>
   <div class='ocr_carea' id='block_1_8' title="bbox 369 3414 2338 3503">
    <p class='ocr_par' dir='ltr' id='par_1_10' title="bbox 369 3414 2338 3503">
     <span class='ocr_line' id='line_1_49' title="bbox 369 3414 2338 3503; baseline 0.001 -20"><span class='ocrx_word' id='word_1_291' title='bbox 369 3416 455 3484; x_wconf 92' lang='lat' dir='ltr'>A.</span> <span class='ocrx_word' id='word_1_292' title='bbox 506 3414 739 3483; x_wconf 87' lang='lat' dir='ltr'>Nonne</span> <span class='ocrx_word' id='word_1_293' title='bbox 774 3416 1122 3482; x_wconf 84' lang='lat' dir='ltr'>verendum</span> <span class='ocrx_word' id='word_1_294' title='bbox 1159 3420 1259 3483; x_wconf 89' lang='lat' dir='ltr'>est</span> <span class='ocrx_word' id='word_1_295' title='bbox 1290 3418 1518 3503; x_wconf 85' lang='lat' dir='ltr'>igitur,</span> <span class='ocrx_word' id='word_1_296' title='bbox 1564 3418 1623 3482; x_wconf 89' lang='lat' dir='ltr'>si</span> <span class='ocrx_word' id='word_1_297' title='bbox 1658 3421 1761 3482; x_wconf 90' lang='lat' dir='ltr'>est</span> <span class='ocrx_word' id='word_1_298' title='bbox 1795 3417 1922 3500; x_wconf 87' lang='lat' dir='ltr'>ita,</span> <span class='ocrx_word' id='word_1_299' title='bbox 1967 3419 2041 3481; x_wconf 88' lang='lat' dir='ltr'>ut</span> <span class='ocrx_word' id='word_1_300' title='bbox 2076 3415 2256 3500; x_wconf 78' lang='lat' dir='ltr'>diois,</span> <span class='ocrx_word' id='word_1_301' title='bbox 2294 3420 2338 3485; x_wconf 87' lang='lat'>5</span> 
     </span>
    </p>
   </div>
   <div class='ocr_carea' id='block_1_9' title="bbox 236 3498 2257 3591">
    <p class='ocr_par' dir='ltr' id='par_1_11' title="bbox 236 3498 2257 3591">
     <span class='ocr_line' id='line_1_50' title="bbox 236 3498 2257 3591; baseline -0.001 -22"><span class='ocrx_word' id='word_1_302' title='bbox 236 3498 316 3569; x_wconf 86' lang='grc'>110</span> <span class='ocrx_word' id='word_1_303' title='bbox 360 3503 843 3589; x_wconf 88' lang='lat' dir='ltr'>philosophiam</span> <span class='ocrx_word' id='word_1_304' title='bbox 876 3506 1046 3570; x_wconf 85' lang='lat' dir='ltr'>falsa</span> <span class='ocrx_word' id='word_1_305' title='bbox 1080 3506 1286 3591; x_wconf 86' lang='lat' dir='ltr'>gloria</span> <span class='ocrx_word' id='word_1_306' title='bbox 1331 3505 1642 3572; x_wconf 76' lang='lat' dir='ltr'>exornes?</span> <span class='ocrx_word' id='word_1_307' title='bbox 1714 3504 1901 3581; x_wconf 83' lang='lat' dir='ltr'>Quod</span> <span class='ocrx_word' id='word_1_308' title='bbox 1946 3506 2045 3567; x_wconf 90' lang='lat' dir='ltr'>est</span> <span class='ocrx_word' id='word_1_309' title='bbox 2082 3503 2257 3567; x_wconf 88' lang='grc'>0111111</span> 
     </span>
    </p>
   </div>
  </div>
 </body>
</html>
