2609 3884
361 148 494 212 200
603 160 606 165 '
691 147 790 203 DE
826 146 1118 203 FINIBUS
1151 143 1515 201 BONORUM
1548 145 1645 201 ΕΤ
1680 144 2047 202 MALORUM
2132 164 2143 173 ·

359 306 604 376 primum
650 305 838 359 differt
883 307 1026 375 (cap.
1065 307 1120 375 2)
1166 306 1389 360 tantum
1436 304 1655 373 dicens,
1704 304 1895 359 locum
1940 305 2011 359 de
2056 320 2119 359 re
2153 305 2389 375 publica

360 379 420 431 et
453 376 794 431 rhetoricam
830 392 867 431 a
901 376 1125 430 Zenone
1159 375 1422 457 neglecta
1458 390 1609 444 esse,
1648 389 1791 443 quae
1826 374 1915 429 illi
1950 374 2385 445 diligentissime

361 446 706 502 excoluerint
741 447 885 516 (cap.
915 447 986 515 3).
1041 446 1162 500 Nec
1196 444 1258 499 in
1293 415 1609 500 dialecticis
1642 446 1865 499 veteres
1899 460 1937 499 a
1973 446 2176 501 Stoicis
2210 446 2387 515 vinci,

362 517 498 599 quin
559 520 740 571 artem
801 518 1260 585 argumentorum
1324 515 1789 571 inveniendorum
1850 515 1923 570 ab
1993 515 2082 571 his
2153 532 2389 599 prorsus

362 587 626 670 omissam
662 602 784 641 esse
821 588 963 668 (cap.
1001 588 1075 657 4).
1159 586 1399 655 Physica.
1434 586 1663 641 illorum
1700 584 1920 641 Stoicos
1954 586 2075 642 fere
2109 586 2171 641 in
2204 586 2387 641 maxi·

359 657 467 713 mis
501 658 670 712 rebus
704 656 1000 712 retinuisse
1036 658 1097 711 et
1130 656 1314 711 minus
1351 656 1575 725 copiose
1612 671 1732 711 esse
1766 658 2090 725 persecutos
2128 660 2271 727 (cap.
2310 660 2387 725 5).

362 728 652 782 Summum
678 729 870 783 autem
893 728 1128 795 bonum,
1168 727 1321 795 quod
1347 726 1635 781 contineat
1658 726 2107 797 philosophiam,
2140 730 2387 810 veteres,

358 797 684 869 ΡΙαιιιεειιιιθ
718 798 1106 865 Polemonem,
1145 796 1353 851 dixisse
1389 812 1512 852 esse
1550 797 1854 851 secundum
1882 769 2145 853 naturam
2168 797 2386 868 vivere,

362 869 513 937 quod
550 886 677 923 cum
712 867 895 923 varias
931 867 1166 922 haberet
1198 868 1723 950 interpretationes,
1770 866 1885 921 illis
1922 884 2049 922 eam
2081 840 2387 938 placuisse,

357 939 425 993 ι113
460 939 633 1007 esset,
681 938 935 994 omnibus
981 940 1081 992 aut
1115 937 1375 993 maximis
1411 937 1579 993 rebus
1613 937 1709 1007 iis,
1762 952 1905 1005 quae
1942 939 2247 993 secundum
2282 954 2387 993 na-

357 1011 543 1063 turam
588 1010 799 1077 essent,
843 1008 1124 1062 fruentem
1168 1007 1387 1077 vivere,
1434 1024 1671 1077 eumque
1715 1006 1886 1062 fuisse
1940 1007 2271 1063 Xenocratis
2325 1010 2389 1063 et

358 1079 680 1134 Aristotelis
713 1078 884 1132 finem
919 1080 1063 1148 (cap.
1081 1080 1175 1160 6).
1250 1050 1391 1133 Οιιιιι
1435 1079 1585 1133 enim
1628 1079 1799 1133 homo
1836 1092 1907 1132 ex
1942 1079 2130 1134 animo
2168 1080 2229 1133 et
2264 1095 2389 1133 cor·

358 1166 496 1220 pore
543 1150 854 1216 constaret,
900 1150 960 1203 et
1003 1148 1178 1203 animi
1222 1150 1283 1204 et
1327 1147 1579 1218 corporis
1622 1148 1904 1203 rationem
1948 1164 2045 1203 eos
2097 1149 2388 1218 habuisse,

361 1220 462 1275 sed
495 1220 603 1287 ita,
647 1220 713 1274 ut
756 1218 1006 1273 animum
1047 1218 1268 1275 infinita
1314 1220 1559 1288 quadam
1601 1218 1771 1274 laude
1808 1219 2031 1288 corpori
2071 1234 2389 1290 praepone·

359 1292 512 1359 rent,
549 1289 724 1345 animi
749 1292 941 1344 autem
975 1290 1125 1345 bona
1160 1289 1399 1345 virtutes
1428 1306 1575 1359 esse,
1614 1306 1851 1358 quarum
1878 1289 2093 1345 semina
2119 1305 2157 1344 a
2178 1291 2391 1345 natura

361 1361 499 1416 data
534 1361 722 1415 essent
758 1362 902 1430 (cap.
941 1361 1013 1429 ¹¹1).
1087 1360 1285 1429 Itaque
1314 1361 1593 1416 Zenonem
1628 1360 1773 1415 nihil
1808 1360 2067 1415 attulisse
2101 1359 2238 1416 novi
2270 1358 2391 1415 nisi

359 1430 551 1487 inania
578 1430 857 1499 quaedam
881 1430 1179 1486 verborum
1207 1430 1530 1485 discrimina
1557 1434 1705 1514 (cap.
1735 1431 1815 1499 8),
1853 1429 2097 1498 quibus
2079 1448 2141 1485 ιιι
2165 1430 2389 1513 urbem²

359 1502 421 1557 in
454 1502 664 1570 forum,
700 1502 761 1556 in
797 1500 1010 1556 curiam
1045 1501 1232 1556 aditus
1266 1518 1382 1557 non
1417 1500 1516 1569 sit3
1553 1500 1636 1557 ibi
1670 1501 1823 1571 ipsos
1854 1499 2072 1556 Stoicos
2101 1517 2392 1556 commum

359 1588 516 1627 more
551 1572 710 1642 loqui
743 1573 888 1642 (cap.
919 1573 990 1640 9).
1045 1572 1166 1625 Iam
1193 1571 1389 1627 Cicero
1408 1591 1497 1696 iffi
1496 1572 1655 1642 opius
1682 1571 1759 1625 ad
1794 1587 1890 1637 ea,
1929 1586 2071 1639 quae
2107 1586 2142 1625 a
2171 1570 2389 1627 Catone

361 1642 516 1697 dicta
571 1643 756 1711 erant,
810 1642 1078 1697 accedere
1125 1644 1361 1697 conatur
1498 1661 1549 1711 s,
1604 1658 1747 1710 quae
1803 1641 2121 1697 communia
2177 1641 2389 1697 Stoicis

361 1713 492 1767 sunt
544 1730 670 1795 cum
723 1684 996 1781 antiquis,
1053 1714 1213 1781 quasi
1267 1712 1545 1768 concessis
1599 1714 1782 1767 utens.
1877 1711 2155 1778 Quoniam
2206 1711 2390 1781 igitur

358 1784 506 1839 hanc
555 1782 797 1853 primam
848 1783 1154 1838 habeamus
1208 1800 1244 1837 a
1295 1784 1500 1837 natura
1552 1781 1987 1851 appetitionem,
2040 1784 2107 1837 ut
2159 1784 2389 1837 nosmet

358 1870 512 1977 ffisos
545 1868 966 1979 (conservamus,
979 1869 1073 1977 ἐξ
1110 1852 1295 1977 ffimo
1336 1855 1523 1907 autem
1524 1854 1627 1977 eg
1656 1868 1889 1977 οοιῐέοιθ
1902 1854 2275 1991 1,ΙιίιίῖεζΙιιειι-,ἓιιιιιιί,
2316 1869 2389 1978 εἴ

425 1939 925 1979 snsooere
1193 1922 1542 1977 emsummi
1630 1939 1725 1977 οιιι
1801 1939 1901 1978 ons
2013 1939 2075 1977 er
2186 1940 2359 1977 usi

362 2008 582 2075 eorum,
619 1941 762 2062 quge
799 1993 914 2047 sint
949 1994 1255 2048 secundum
1288 1994 1573 2061 naturam,
1621 2008 1790 2061 quam
1834 1993 2081 2075 plurima
2114 1994 2175 2047 et
2211 2010 2388 2062 quam

361 2036 606 2117 maxima
640 2062 880 2131 adipisci
917 2065 1060 2133 (cap.
1099 2065 1206 2133 10).
1280 2063 1497 2119 Stoicos
1533 2063 1604 2117 ab
1640 2062 1844 2117 iisdem
1882 2062 2059 2117 initiis
2095 2062 2385 2133 profectos

362 2149 572 2257 corpus
610 2134 670 2257 «ιιι
700 2136 943 2258 ‘exter-{ia
987 2133 1283 2272 cffmmoda
1328 2132 1689 2257 desei-nissen
1709 2150 1836 2188 cum
1870 2134 2389 2273 tamenlllissmoNsit

361 2219 512 2257 amm
657 2219 810 2258 nimo
897 2219 1000 2258 xce
1047 2219 1144 2258 ens
1224 2220 1340 2259 non
1394 2220 1455 2259 so
1480 2221 1545 2257 us
1600 2203 1817 2258 animus
1895 2220 1961 2259 ca
2318 2221 2386 2259 ec

360 2289 589 2344 prorsus
651 2272 939 2328 obscurari
997 2272 1102 2329 illa
1164 2275 1420 2342 externa,
1474 2275 1540 2329 ut
1593 2274 1771 2329 Stoici
1824 2273 2040 2342 dicant,
2096 2274 2205 2329 etsi
2265 2291 2385 2329 ιιοιι

359 2360 630 2470 1ξιιςιιιιιιι
682 2345 1026 2483 momenta}
1077 2343 1345 2481 sagam&
1372 2346 1455 2411 et,
1520 2343 1743 2399 etiamsi
1782 2344 2191 2483 ει,(ἰῑ)ιιιιιιιοιιὲιέῖιθι·,
2248 2360 2385 2497 {ng

421 2430 552 2471 men
583 2431 646 2469 ιιι
681 2431 901 2470 summa
1019 2431 1074 2484 p.
1344 2429 1437 2467 am
1472 2430 1746 2469 summam
1836 2432 1860 2468 1
1898 2431 2028 2469 uam
2154 2430 2248 2469 len

363 2500 482 2541 esse
511 2485 785 2553 omnium,
822 2499 964 2553 quae
989 2484 1295 2539 secundum
1319 2486 1579 2540 naturam
1613 2484 1742 2540 sint.
1796 2485 2103 2540 Praeterea
2132 2484 2385 2540 omnium

359 2558 687 2611 naturarum
739 2572 1014 2610 summum
1065 2555 1276 2610 bonum
1330 2554 1511 2610 simile
1566 2571 1687 2611 esse
1740 2554 1961 2610 debere.
2058 2556 2126 2609 In
2180 2556 2382 2611 ceteris

362 2630 552 2682 autem
587 2626 922 2681 animalibus
957 2625 1045 2694 id,
1083 2626 1233 2694 quod
1269 2628 1576 2681 extremum
1611 2625 1712 2694 sit,
1754 2641 1825 2680 ex
1858 2627 1983 2679 tota
2018 2640 2213 2681 eorum
2248 2642 2381 2680 con-

363 2697 656 2753 stitutione
701 2695 866 2752 effici.
937 2696 1096 2751 Idem
1140 2695 1316 2767 igitur
1358 2696 1420 2750 ιιι
1466 2695 1693 2751 homine
1726 2694 1852 2751 fieri
1887 2696 2109 2751 debere.
2178 2697 2381 2765 Itaque

364 2766 593 2836 Stoicis,
649 2766 696 2821 si
743 2783 971 2822 causam
1015 2783 1175 2821 suam
1219 2766 1473 2822 obtinere
1517 2766 1719 2833 velint,
1766 2765 2064 2821 dicendum
2110 2782 2229 2821 esse
2264 2784 2381 2821 non

362 2852 526 2892 omne
572 2810 785 2891 animal
827 2837 1072 2906 primum
1117 2852 1176 2891 se
1219 2838 1406 2892 totum
1450 2835 1687 2919 diligere
1734 2838 1793 2891 et
1838 2852 2168 2891 conservare
2211 2836 2380 2903 velle,

362 2907 462 2961 sed
506 2906 568 2960 id
601 2907 848 2974 tantum,
896 2906 1048 2975 quod
1089 2905 1151 2961 in
1197 2922 1417 2976 quoque
1454 2909 1729 2989 optimum
1774 2906 1871 2975 sit,
1924 2906 2076 2975 quod
2108 2904 2232 2961 fieri
2264 2923 2381 2961 ιιοιι

360 2992 525 3047 posse
563 2977 705 3045 (cap.
748 2977 852 3045 13).
911 2975 1212 3031 Hominem
1245 2978 1423 3032 talem
1459 2976 1768 3046 sapientiae
1798 2976 2203 3047 perficiendum
2239 2992 2380 3045 esse,

363 3047 587 3115 qualem
631 3062 666 3100 a
699 3046 904 3100 natura
951 3046 1261 3115 acceperit,
1316 3047 1599 3117 accepisse
1646 3048 1835 3101 autem
1880 3063 2009 3101 eum
2054 3048 2263 3115 totum,
2310 3062 2381 3101 ex

362 3116 550 3172 animo
588 3117 649 3170 et
693 3130 952 3196 corpor-03
996 3119 1257 3170 neutrum
1300 3117 1715 3199 neglegendum
1760 3133 1897 3173 esse.
1966 3116 2380 3171 Perfectionem

361 3186 606 3242 hominis
650 3184 890 3239 maxime
934 3185 1154 3239 laudari
1187 3185 1248 3239 in
1284 3203 1377 3254 eo,
1424 3188 1577 3256 quod
1611 3187 1672 3241 in
1708 3187 1937 3242 homine
1974 3186 2251 3255 optimum
2288 3187 2377 3255 sit,

359 3256 422 3311 id
456 3259 544 3311 est
583 3255 644 3309 in
668 3254 906 3321 virtute,
944 3256 1044 3310 sed
1078 3255 1294 3325 priora,
1333 3274 1369 3311 a
1406 3257 1606 3326 quibus
1636 3257 1710 3311 ad
1743 3258 1886 3313 haec
1912 3256 2157 3325 venerit,
2196 3256 2381 3311 deseri

359 3343 474 3383 non
527 3328 810 3397 oportere,
869 3297 1114 3394 Stoicos,
1178 3342 1306 3379 cum
1361 3327 1436 3381 ad
1490 3344 1766 3382 summum
1823 3328 2031 3382 bonum
2084 3327 2379 3396 pervenire

359 3396 563 3465 velint,
597 3366 872 3451 naturalis
908 3366 1270 3465 appetitionis
1308 3396 1567 3452 oblivisci
1594 3400 1737 3479 (cap.
1770 3400 1875 3467 14).
1932 3396 2123 3451 Virtus
2156 3398 2379 3452 tantum

361 3467 557 3522 abesse
609 3468 676 3521 ut
720 3465 985 3521 constitui
1028 3482 1142 3521 non
1185 3466 1390 3535 possit,
1446 3466 1496 3521 si
1550 3466 1856 3535 quidquam
1910 3468 2069 3521 extra
2123 3483 2249 3522 eam
2302 3467 2379 3521 ad
