2609 3884
635 175 772 231 LIB.
807 174 902 230 IV.
959 174 1112 229 CAP.
1153 181 1361 230 8-11,
1418 179 1449 240 ἓ
1489 179 1727 230 18—24.
2062 174 2193 238 399

174 340 388 403 mente
459 338 527 419 [a
577 341 754 402 recta
810 336 1092 418 ratione]
1151 336 1428 402 defectio
1492 336 1584 400 sic
1644 356 1869 400 aversa
1914 358 1954 400 a
2008 358 2197 419 prae-

175 426 529 509 scriptione
573 424 876 503 rationis,
931 427 1005 489 ut
1049 424 1230 489 nullo
1276 423 1471 489 modo
1518 423 1946 507 adpetitiones
1994 424 2195 489 animi

172 534 292 578 nec
337 513 477 598 regi
520 534 638 577 nec
684 512 1000 578 contineri
1046 516 1301 597 queant.
1384 511 1587 589 Quem
1634 512 1717 576 ad
1762 511 2027 577 modum
2071 511 2175 596 igi·

175 607 286 666 tur
339 602 774 685 temperantia
827 600 1010 665 sedat
1065 600 1495 684 adpetitiones
1550 604 1617 664 et
1670 598 1896 680 efficit,
1953 602 2030 663 ut
2081 621 2195 664 eae

114 715 144 755 5
176 692 390 754 rectae
422 689 661 755 rationi
689 692 981 773 pareant,
1017 692 1481 771 conservatque
1510 687 1916 754 considerata
1956 687 2195 753 iudicia

176 777 439 860 mentis,
495 778 588 842 sic
643 777 793 841 huic
837 776 1102 841 inimica
1143 776 1649 859 intemperantia
1694 797 1951 841 omnem
1996 775 2197 839 animi

177 868 420 930 statum
461 865 852 950 inflammat,
899 865 1267 949 conturbat,
1311 865 1571 948 incitat,
1614 863 1831 948 itaque
1879 867 1944 929 et
1988 864 2196 948 aegri-

174 954 430 1019 tudines
495 957 561 1018 et
621 956 836 1019 metus
900 956 966 1017 et
1025 953 1315 1037 reliquae
1382 952 1903 1036 perturbationes
1972 972 2193 1017 omnes

153 1043 537 1128 ‘gignuntur
589 1063 666 1106 ex
711 1063 807 1107 ea.
2217 1086 2302 1150 10

89 1154 145 1195 ιυ
311 1129 518 1206 Quem
563 1130 647 1195 ad
691 1129 980 1213 modum,
1034 1149 1180 1193 cum
1227 1129 1495 1213 sanguis
1541 1131 1883 1211 corruptus
1937 1130 2039 1192 est
2083 1130 2197 1192 aut
2231 1164 2301 1212 23

175 1218 420 1302 pituita
481 1217 796 1282 redundat
851 1220 963 1282 aut
1015 1217 1196 1300 bilis,
1258 1217 1330 1281 in
1384 1238 1649 1301 corpore
1703 1215 1915 1280 morbi
1975 1235 2194 1300 aegro-

175 1306 586 1390 tationesque
637 1308 1016 1388 nascuntur,
1071 1305 1164 1369 sic
1217 1326 1562 1389 pravarum
1620 1303 1997 1389 opinionum
2047 1325 2194 1370 con·

176 1394 466 1458 turbatio
505 1397 571 1457 et
613 1393 908 1477 ipsarum
951 1394 1123 1457 inter
1157 1414 1226 1457 se
1261 1393 1697 1478 repugnantia
1733 1393 2011 1457 sanitate
2048 1412 2194 1474 spo-

177 1482 301 1545 liat
339 1482 626 1546 animum
653 1482 1023 1564 morbisque
1057 1481 1414 1565 perturbat.
1470 1479 1574 1545 Ex
1600 1479 2195 1565 perturbationibus

85 1594 146 1635 15
181 1572 398 1635 autem
453 1570 734 1653 primum
786 1569 996 1633 morbi
1061 1570 1509 1653 conficiuntur,
1571 1590 1736 1652 quae
1797 1570 2033 1632 vocant
2094 1568 2194 1631 illi

178 1654 553 1742 νοσήματα,
618 1679 845 1742 eaque,
917 1678 1082 1742 quae
1153 1659 1305 1722 sunt
1368 1657 1461 1721 eis
1534 1656 1781 1721 morbis
1853 1655 2197 1738 contraria,

177 1767 342 1831 quae
388 1745 631 1811 habent
667 1746 747 1809 ad
784 1766 888 1810 res
935 1748 1144 1811 certas
1193 1745 1497 1810 vitiosam
1534 1744 1956 1809 offensionem
2004 1746 2197 1827 atque

175 1834 544 1912 fastidium,
600 1833 827 1899 deinde
885 1833 1390 1919 aegrotationes,
1458 1853 1622 1917 quae
1686 1831 2095 1915 appellantur
2158 1854 2198 1896 a

178 1920 414 1988 Stoicis
452 1915 962 2006 ἆῤῥωστήματα,
998 1922 1228 2005 hisque
1263 1922 1425 1985 item
1462 1920 1797 2004 oppositae
1834 1919 2198 1983 contrariae

85 2036 146 2075 20
180 2009 581 2075 offensiones.
678 2008 823 2075 Hoc
877 2010 1022 2075 loco
1074 2010 1351 2074 nimium
1405 2029 1640 2091 operae
1696 2008 2095 2073 consumitur
2159 2029 2200 2071 a

180 2096 447 2180 Stoicis,
500 2097 780 2161 maxime
826 2120 868 2161 a
911 2094 1312 2182 Chrysippo,
1368 2096 1520 2160 dum
1566 2096 1809 2161 morbis
1856 2116 2198 2178 corporum

180 2188 594 2267 comparatur
626 2185 1001 2252 morborum
1038 2186 1242 2250 animi
1279 2183 1654 2249 similitudo.
1726 2182 1868 2260 Qua
1905 2184 2198 2249 oratione

177 2272 638 2357 praetermissa
700 2272 964 2337 minime
1027 2273 1392 2338 necessaria
1457 2294 1559 2355 ea,
1622 2293 1785 2357 quae
1846 2292 1986 2336 rem
2048 2292 2197 2336 con·
2326 2270 2335 2277 ’

177 2362 412 2445 tinent,
439 2363 924 2443 pertractemus,
970 2359 1398 2447 Intellegatur
1422 2360 1625 2446 igitur
1642 2360 2199 2444 perturbationem
2234 2370 2304 2419 24

85 2475 146 2516 25
178 2448 573 2513 iactantibus
629 2470 698 2513 se
751 2448 1164 2532 opinionibus
1217 2450 1660 2513 inconstanter
1716 2451 1783 2512 et
1831 2447 2086 2512 turbide
2130 2448 2201 2512 in

179 2540 364 2602 motu
399 2558 542 2602 esse
579 2556 859 2621 semper3
899 2558 1047 2601 cum
1083 2539 1300 2601 autem
1337 2537 1445 2602 hic
1480 2536 1698 2601 fervor
1723 2535 2198 2619 concitatioque

179 2624 384 2689 animi
443 2624 833 2689 inveteravit
895 2628 962 2689 et
1011 2628 1345 2709 tamquam
1407 2625 1476 2689 in
1528 2624 1711 2689 venis
1776 2622 2201 2706 medullisque

178 2713 445 2795 insedit,
489 2716 630 2778 tum
675 2712 930 2777 exsistit
975 2715 1042 2777 et
1085 2713 1350 2778 morbus
1396 2715 1462 2776 et
1498 2711 1859 2797 aegrotatio
1899 2715 1966 2775 et
2000 2711 2199 2777 offen-

183 2801 400 2865 siones
457 2821 596 2885 eae,
650 2822 812 2885 quae
868 2805 1021 2866 sunt
1072 2801 1168 2867 eis
1225 2801 1473 2866 morbis
1522 2800 2199 2885 aegrotationibusque

86 2915 148 2957 so
180 2890 561 2965 contrariae.

314 2974 522 3057 Haec,
567 2998 729 3062 quae
775 2978 947 3062 dico,
993 2978 1387 3063 cogitatione
1431 2977 1601 3041 inter
1638 2997 1707 3041 se
1755 2976 2085 3058 differunt,
2129 2998 2199 3040 re
2223 2972 2301 3034 11

182 3063 442 3148 quidem
496 3066 797 3149 copulata
853 3069 1030 3150 sunt,
1085 3087 1283 3149 eaque
1340 3065 1635 3130 oriuntur
1688 3086 1765 3129 ex
1818 3064 2087 3129 libidine
2137 3067 2203 3127 et

184 3174 264 3216 ex
307 3154 575 3219 laetitia.
662 3152 834 3217 Nam
879 3175 1026 3219 cum
1072 3157 1171 3218 est
1218 3153 1557 3236 concupita
1612 3153 1885 3237 pecunia
1927 3174 2046 3217 nec
2095 3151 2201 3215 ad-

181 3239 396 3305 hibita
448 3241 755 3306 continuo
801 3241 973 3305 ratio
1029 3241 1215 3323 quasi
1269 3240 1579 3324 quaedam
1628 3239 1958 3305 Socratica
2002 3238 2201 3302 medi·

90 3354 151 3396 ³5
187 3329 350 3413 cina,
385 3350 550 3414 quae
579 3332 839 3393 sanaret
864 3349 1007 3391 eam
1043 3328 1482 3412 cupiditatem,
1518 3331 1861 3413 permanat
1893 3328 1962 3391 in
1997 3348 2201 3391 venas

185 3420 253 3481 et
278 3416 574 3482 inhaeret
600 3417 672 3481 in
697 3416 1052 3481 visceribus
1079 3416 1238 3480 illud
1266 3415 1529 3494 malum,
1558 3416 1904 3499 existitque
1937 3413 2201 3477 morbus

185 3508 254 3569 et
289 3505 669 3589 aegrotatio,
704 3526 866 3589 quae
903 3504 1090 3570 evelli
1126 3504 1488 3569 inveterata
1518 3526 1652 3569 non
1684 3504 1977 3586 possunt,
2014 3502 2201 3585 eique
