2609 3884
731 181 863 235 ΜΒ.
902 181 945 234 1.
1002 179 1159 235 OAP.
1197 185 1258 248 4,
1297 185 1347 234 5.
1396 185 1444 245 §-
1485 184 1725 234 13-18.
2187 179 2228 243 9

201 344 420 410 omnis
469 343 818 427 sapientia,
861 363 996 406 non
1040 340 1348 406 arbitrari
1392 361 1463 405 se
1510 341 1700 424 scire,
1754 339 1925 425 quod
1968 340 2235 406 nesciat.

205 432 388 508 Quae
437 452 584 496 cum
639 430 881 496 diceret
934 432 1309 494 constanter
1362 431 1429 492 et
1480 429 1551 495 in
1595 450 1671 493 ea
1717 428 2038 494 sententia
2094 450 2235 513 per·
2316 451 2322 456 ·

203 521 534 604 maneret,
570 518 781 586 omnis
818 518 956 583 eius
994 517 1203 584 oratio
1237 519 1498 581 tantum
1534 518 1605 581 in
1638 516 1877 582 virtute
1912 516 2236 582 laudanda

207 613 276 672 et
319 609 392 672 in
436 607 810 673 hominibus
857 605 941 671 ad
984 605 1245 671 virtutis
1293 605 1579 670 studium
1624 603 2036 670 cohortandis
2086 625 2233 670 con-

144 721 174 762 6
207 697 616 779 sumebatur,
662 697 738 760 ut
781 716 816 759 e
863 692 1339 759 Socraticorum
1390 692 1577 758 libris
1632 692 2037 777 maximeque
2088 692 2234 757 Pla-

203 785 386 850 tonis
461 782 755 868 intellegi
826 785 1063 867 potest.
1173 780 1470 846 Platonis
1543 783 1762 846 autem
1834 781 2238 865 auctoritate,

207 831 2239 1040 ἓέιλιιιξὶἲυᾶευὲῐξυῒᾟέἐὲξῶιξιρῇᾗίἕέἓὲιαῗὲοιὲαιιῗέιιῗὲῗα

207 1053 346 1131 est,
420 1045 959 1113 Academicorum
1030 1048 1097 1112 et
1169 1043 1778 1128 Peripateticorum,
1855 1044 1965 1129 qui
2046 1045 2237 1110 rebus

121 1163 178 1202 10
205 1138 644 1220 congruentes
689 1133 1060 1202 nominibus
1109 1133 1510 1198 differebant.
1608 1131 1781 1198 Nam
1837 1155 1983 1198 cum
2041 1130 2237 1216 Speu-

205 1224 492 1308 sippum,
521 1222 761 1289 sororis
790 1213 1018 1306 filium,
1042 1220 1232 1286 Plato
1251 1220 1707 1304 philosophiae
1730 1221 1913 1305 quasi
1938 1219 2238 1286 heredem

202 1311 612 1395 reliquisset,
666 1311 792 1377 duo
848 1313 1066 1375 autem
1120 1309 1721 1392 praestantissimos
1776 1308 1989 1374 studio
2046 1311 2239 1392 atque

205 1399 536 1483 doctrina,
607 1397 1039 1464 Xenocratem
1112 1394 1616 1462 Calchedonium
1688 1400 1755 1462 et
1820 1396 2239 1462 Aristotelem

209 1487 621 1588 Stagiritem,
655 1487 766 1570 qui
805 1489 992 1551 erant
1027 1506 1173 1549 cum
1209 1484 1591 1568 Aristotele,
1623 1483 2040 1568 Peripatetici
2083 1484 2241 1548 dicti

126 1600 180 1641 15
211 1580 400 1659 sunt,
465 1576 618 1660 quia
681 1574 1104 1658 disputabant
1163 1572 1640 1637 inambulantes
1703 1572 1772 1636 in
1830 1570 2063 1656 Lyci0,
2141 1571 2241 1637 illi

209 1667 463 1746 autem,
509 1663 620 1746 qui
662 1661 960 1728 Platonis
1004 1661 1309 1726 instituto
1363 1660 1435 1725 in
1486 1659 1867 1743 Academia,
1925 1658 2096 1744 quod
2142 1663 2243 1724 est

211 1751 499 1816 alterum
543 1750 984 1836 gymnasium,
1029 1752 1249 1816 coetus
1297 1751 1486 1812 erant
1528 1750 1593 1812 et
1630 1768 1956 1812 sermones
2001 1746 2241 1812 habere

213 1839 427 1922 soliti,
473 1860 508 1904 e
553 1838 680 1903 loci
723 1837 1039 1903 vocabulo
1073 1857 1316 1902 nomen
1357 1835 1741 1901 habuerunt.
1815 1833 1940 1900 Sed
1984 1835 2241 1919 utrique

211 1927 516 1992 Platonis
552 1926 850 1991 ubertate
887 1925 1193 2009 completi
1230 1928 1476 1990 certam
1511 1922 1833 2008 quandam
1861 1922 2241 2006 disciplinae

130 2041 186 2080 20
213 2015 572 2080 formulam
624 2015 1148 2098 composuerunt,
1203 2015 1270 2076 et
1330 2034 1473 2078 eam
1530 2010 1789 2096 quidem
1841 2012 2103 2095 plenam
2168 2032 2243 2075 ac

211 2103 552 2182 refertam,
595 2103 781 2168 illam
816 2105 1036 2168 autem
1073 2099 1471 2166 Socraticam
1512 2099 1883 2165 dubitanter
1924 2100 2003 2164 de
2040 2099 2243 2165 omni-

213 2193 342 2256 bus
367 2191 563 2255 rebus
589 2194 658 2256 et
690 2190 874 2255 nulla
910 2188 1360 2254 adfirmatione
1398 2187 1689 2253 adhibita
1715 2187 2243 2254 consuetudinem

215 2277 581 2344 disserendi
641 2278 1056 2362 reliquerunt.
1157 2275 1262 2342 Ita
1314 2276 1489 2342 facta
1558 2278 1685 2361 est,
1747 2277 1919 2360 quod
1980 2275 2243 2340 minime

218 2365 524 2432 Socrates
559 2365 902 2450 probabat,
947 2387 1054 2432 ars
1089 2364 1405 2449 quaedam
1437 2363 1892 2448 philosophiae
1930 2366 1998 2428 et
2029 2384 2244 2429 rerum

138 2479 191 2521 25
219 2455 382 2521 ordo
419 2457 487 2519 et
519 2454 861 2538 discriptio
899 2453 1297 2538 disciplinae.
1360 2451 1539 2529 Quae
1576 2452 1834 2537 quidem
1856 2454 1999 2517 erat
2030 2451 2242 2535 primo

221 2543 508 2625 duobus,
570 2546 645 2608 ut
705 2542 868 2626 dixi,
937 2541 1311 2607 nominibus
1380 2562 1541 2621 una3
1603 2540 1772 2604 nihil
1835 2540 2007 2604 enim
2075 2539 2247 2603 inter

219 2630 695 2714 Peripateticos
743 2633 810 2696 et
849 2591 1040 2694 illam
1083 2633 1371 2694 veterem
1415 2627 1833 2694 Academiam
1891 2625 2247 2691 differebat.

222 2717 646 2784 Abundantia
673 2711 1001 2802 quadam
980 2717 1224 2802 ingenii
1259 2715 1655 2800 praestabat,
1688 2717 1766 2779 ut
1792 2712 1955 2778 mihi
1988 2713 2248 2798 quidem

223 2806 510 2890 videtur,
561 2805 978 2890 Aristoteles,
1043 2805 1156 2870 sed
1211 2804 1387 2869 idem
1441 2803 1588 2868 fons
1644 2805 1786 2867 erat
1836 2802 2126 2886 utrisque
2182 2804 2249 2868 et

147 2919 198 2959 ιο
226 2893 451 2958 eadem
509 2915 722 2958 rerum
777 2892 1278 2977 expetendarum
1332 2891 1908 2976 fugiendarumque
1958 2891 2247 2992 partitio:

361 2978 486 3046 Sed
559 2980 711 3064 quid
784 3002 906 3066 ago
923 2981 957 3044 ‘s’
1033 2981 1278 3064 inquit,
1352 2983 1465 3044 aut
1537 3000 1763 3044 sumne
1840 3000 2066 3061 sanus,
2137 2979 2247 3062 qui

220 3067 383 3134 haec
437 3090 556 3135 vos
618 3069 862 3135 doceo?
915 3089 1072 3134 nam
1125 3068 1251 3133 etsi
1313 3088 1449 3132 non
1514 3066 1647 3132 ‘sus
1702 3065 2115 3147 Minervam',
2175 3068 2251 3130 ut

225 3157 439 3239 aiunt,
483 3159 707 3222 tamen
749 3157 984 3241 inepte,
1031 3155 1322 3240 quisquis
1367 3153 1729 3220 Minervam
1776 3155 1976 3219 docet.
2082 3153 2248 3217 Τιιιιι

223 3245 512 3309 Atticus.
568 3243 673 3309 Τιι
723 3264 903 3327 vero,
955 3243 1198 3327 inquit,
1248 3263 1478 3328 perge,
1531 3241 1770 3325 Varr03
1834 3241 2022 3307 valde
2077 3242 2248 3305 enim

150 3357 200 3397 35
227 3353 376 3396 amo
419 3335 650 3398 nostra
693 3335 888 3417 atque
931 3335 1220 3414 nostros,
1263 3351 1492 3414 meque
1535 3329 1669 3394 ista
1712 3329 2052 3412 delectant,
2102 3348 2249 3392 cum

224 3419 461 3484 Latine
527 3418 824 3486 dicuntur
888 3423 955 3485 et
1023 3420 1153 3484 isto
1216 3419 1428 3484 mod0.
1538 3416 1706 3493 Quid
1767 3438 1898 3500 me,
1962 3416 2247 3498 inquam,

223 3507 469 3593 putas?
524 3509 638 3591 qui
691 3508 1174 3593 philosophiam
1225 3507 1358 3572 iam
1419 3505 1753 3590 professus
1818 3504 1942 3567 sim
2003 3499 2243 3583 populo

2276 792 2340 841 17

2284 2469 2351 2520 18

2285 2983 2327 3046 5
