2609 3884
654 172 792 228 Lm.
829 171 872 226 1.
929 169 1084 226 CAP.
1122 176 1371 226 ιιι-49.
1426 175 1457 236 5
1498 175 1814 226 ιιι-118.
1972 129 1979 138 ’
2116 170 2249 236 325

207 357 349 401 non
414 335 628 400 solum
701 334 1022 419 gloriosae
1085 332 1486 417 rhetoribus,
1560 331 1674 397 sed
1746 333 1946 398 etiam
2015 333 2249 399 beatae

211 423 426 489 videri
489 422 716 487 solent.
821 421 1153 506 Repetunt
1209 421 1292 486 ab
1346 419 1743 505 ErechtheO,
1806 421 1986 486 cuius
2048 422 2247 487 etiam

213 512 392 576 filiae
449 509 678 594 cupide
740 513 1018 576 mortem
1083 508 1536 592 expetiverunt
1596 528 1715 592 pro
1780 509 1921 574 vita
1981 507 2246 593 civium3

218 596 507 664 Codrum
552 601 1050 682 commemorant,
1094 597 1206 682 qui
1247 617 1318 662 se
1362 597 1433 661 in
1467 596 1713 661 medios
1748 595 2003 662 inmisit
2035 596 2246 663 hosfis

157 715 188 754 ο
217 691 400 753 veste
460 685 800 771 famulari,
860 707 942 750 ne
996 687 1221 769 posset
1277 684 1614 770 adgnosci,
1672 685 1731 749 si
1786 687 1960 750 esset
2013 689 2247 751 ornatu

215 775 430 860 regio,
485 773 658 859 quod
711 773 1043 839 oraculum
1088 776 1228 838 erat
1285 772 1535 856 datum,
1590 773 1648 836 si
1699 794 1814 838 rex
1865 772 2247 838 interfectus

219 866 420 945 esset,
463 862 762 928 victrices
800 861 1096 927 Athenas
1132 861 1289 927 fore.
1362 860 1742 926 Menoeceus
1787 882 1921 926 non
1950 864 2247 945 praeter-

218 951 530 1034 mittitur,
584 950 696 1054 qui
749 950 909 1014 item
965 949 1226 1015 oraculo
1282 948 1458 1014 edito
1513 949 1795 1034 largitus
1842 952 1945 1014 est
1995 949 2247 1034 patriae

219 1061 412 1105 suum
455 1038 856 1155 sanguinem.
931 1035 1276 1123 Iphigenia
1319 1035 1556 1102 Aulide
1602 1037 1749 1102 duci
1793 1058 1863 1104 se
1908 1037 2248 1103 immolan-

131 1126 371 1196 iodam
429 1127 636 1211 iubet,
695 1124 810 1192 ut
861 1125 1202 1191 hostium
1257 1125 1623 1190 eliciatur
1678 1123 1855 1191 suo?
1958 1124 2251 1191 Veniunt

217 1215 370 1280 inde
419 1215 502 1280 ad
544 1215 868 1299 propiora.
947 1211 1341 1279 Harmodius
1399 1213 1470 1279 in
1524 1234 1634 1278 ore
1678 1218 1770 1280 est
1810 1216 1878 1278 et
1923 1212 2247 1300 Aristogi-
2266 1215 2354 1280 49

217 1307 366 1388 ton3
410 1302 957 1368 Lacedaemonius
994 1300 1339 1386 Leonidas,
1378 1300 1726 1392 Thebanus
1760 1302 2250 1386 Epaminondas

218 1392 418 1477 viget
505 1385 786 1457 Nostros
830 1411 964 1456 non
1005 1393 1274 1475 norunt,
1320 1411 1482 1474 quos
1520 1381 1893 1454 enumerare
1938 1410 2249 1476 magnum

225 1484 351 1565 est3
397 1479 522 1544 ita
539 1481 695 1544 sunt
737 1478 956 1563 multi,
1015 1478 1251 1563 quibus
1295 1477 1588 1543 videmus
1643 1477 1955 1562 optabilis
2004 1481 2248 1544 mortes

133 1593 194 1636 ιε
220 1566 426 1633 fuisse
472 1588 618 1633 cum
663 1567 896 1652 gloria.

358 1654 539 1732 Quae
585 1676 732 1720 cum
785 1655 882 1720 ita
926 1655 1089 1737 sint,
1140 1675 1383 1740 magna
1426 1656 1648 1718 tamen
1693 1654 2061 1738 eloquentia
2105 1658 2207 1719 est
2252 1671 2354 1722 11⁷

219 1742 534 1808 utendum
589 1746 783 1828 atque
835 1742 934 1807 ita
978 1742 1157 1808 velut
1211 1741 1545 1826 superiore
1591 1764 1626 1807 e
1683 1742 1829 1807 loco
1874 1741 2249 1809 contionan-

221 1831 404 1916 dum,
467 1834 542 1896 ut
601 1830 898 1897 homines
963 1833 1242 1895 mortem
1302 1830 1410 1895 vel
1474 1832 1699 1914 optare
1762 1829 2081 1914 incipiant
2143 1831 2247 1896 vel

221 1922 396 1984 certe
459 1919 689 1984 timere
753 1918 1090 1984 desistant.
1195 1917 1367 1984 Nam
1432 1918 1489 1984 si
1545 1939 1881 2002 supremus
1940 1918 2054 1984 ille
2113 1919 2249 1984 dies

137 2035 194 2075 20
220 2028 355 2073 non
424 2007 916 2092 extinctionem,
988 2006 1100 2072 sed
1173 2006 1748 2071 commutationem
1820 2006 2034 2071 adfert
2104 2006 2251 2092 loci,

221 2095 378 2181 quid
433 2094 835 2180 optabilius?
891 2095 998 2160 sin
1051 2097 1267 2160 autem
1312 2094 1576 2178 perimit
1619 2115 1696 2160 ac
1749 2092 1923 2159 delet
1969 2096 2252 2180 omnino,

221 2183 378 2268 quid
433 2184 663 2249 melius
719 2205 914 2268 quam
967 2183 1038 2246 in
1092 2182 1321 2248 mediis
1381 2183 1557 2247 vitae
1617 2182 1955 2248 laboribus
2020 2183 2251 2249 obdor-

221 2273 493 2337 miscere
531 2275 598 2337 et
631 2272 725 2337 ita
763 2271 1170 2337 coniventem
1199 2291 1428 2336 somno
1457 2271 1785 2355 consopiri
1812 2271 2255 2355 sempiterno?

223 2359 413 2436 Quod
459 2359 517 2425 si
561 2359 706 2445 fiat,
751 2358 983 2425 melior
1026 2358 1225 2423 Ennii
1269 2381 1464 2442 quam
1504 2356 1763 2424 Solonis
1811 2360 2039 2425 oratio.
2123 2359 2251 2424 Hic

14 2529 16 2534 ,
145 2474 199 2516 25
225 2449 401 2514 enim
446 2451 698 2514 noster:

308 2552 549 2620 Nemo
587 2574 701 2618 me
745 2552 1093 2618 lacrimis
1141 2551 1483 2636 decoret,
1526 2553 1764 2638 inquit,
1807 2573 1943 2703 nef?
1978 2552 2249 2703 {uncta

1946 2661 1980 2705 e
2029 2663 2071 2704 ιι

400 2730 655 2796 Faxitl

225 2845 322 2912 At
363 2867 519 2912 vero
566 2845 679 2910 ille
727 2845 1013 2928 sapiens:

221 2950 430 3016 Mors
467 2972 630 3016 mea
663 2971 755 3016 ne
793 2953 1058 3015 careat
1092 2951 1462 3034 lacrimis;
1498 2950 1937 3035 linquamus
1976 2952 2247 3018 amicis

145 3075 196 3115 30
306 3037 762 3124 Maerorem,
815 3042 901 3102 ut
955 3039 1351 3104 celebrent
1407 3038 1683 3104 funera
1726 3061 1891 3105 cum
1937 3041 2249 3125 gemitu.

219 3153 362 3221 Nos
398 3175 575 3240 vero,
610 3154 670 3219 si
707 3152 860 3239 quid
893 3152 1024 3218 tale
1062 3153 1386 3236 acciderit,
1421 3155 1496 3217 ut
1523 3175 1564 3218 a
1598 3153 1718 3220 deo
1755 3153 2205 3220 denuntiatum
2252 3167 2354 3218 118

219 3242 546 3328 videatur,
599 3244 676 3306 ut
720 3263 1017 3306 exeamus
1074 3262 1109 3306 e
1153 3241 1319 3326 vita,
1378 3241 1533 3306 laeti
1579 3245 1645 3306 et
1690 3245 1955 3326 agentes
2000 3241 2247 3327 gratias

219 3352 566 3416 pareamus
620 3329 955 3414 emittique
1008 3350 1128 3394 nos
1184 3351 1219 3394 e
1275 3328 1573 3395 custodia
1627 3332 1694 3395 et
1754 3329 1959 3395 levari
2016 3330 2247 3394 vinclis

221 3419 642 3504 arbitremur,
694 3421 769 3483 ut
824 3421 938 3482 aut
989 3417 1061 3481 in
1105 3421 1434 3483 aeternam
1486 3421 1552 3481 et
1603 3417 1798 3501 plane
1842 3418 1911 3481 in
1952 3420 2249 3482 nostram

144 3533 194 3576 ιε
221 3507 490 3575 domum
534 3507 956 3592 remigremus
1004 3510 1120 3572 aut
1157 3505 1337 3571 omni
1372 3526 1564 3570 sensu
1608 3505 2033 3588 molestiaque
2075 3523 2247 3568 care-
