2609 3884
290 165 421 230 236
618 164 716 219 DE
752 164 1044 219 munus
1080 162 1441 219 BONORUM
1476 163 1573 217 ET
1610 146 1976 218 MALoRUM

222 348 253 395 ⁶2.
291 328 717 391 volueramus,
807 325 972 389 Tum
1017 324 1197 389 Piso:
1265 323 1599 389 Naturane
1643 324 1833 388 nobis
1879 324 2031 407 hoc,
2076 324 2308 408 inquit,

294 415 516 479 datum
573 414 784 478 dicam
854 436 936 477 an
1002 434 1219 478 errore
1274 412 1581 496 quodam,
1644 415 1745 495 ut,
1808 434 1953 475 cum
2020 434 2097 476 ea
2159 413 2305 477 loca

291 502 642 585 videamus,
677 501 746 565 in
783 501 1014 585 quibus
1053 501 1369 565 memoria
1403 500 1632 584 dignos
1670 500 1845 564 viros
1873 500 2306 583 acceperimus

290 589 568 655 multum
633 611 774 653 esse
837 591 1157 672 versatos»,
1233 588 1446 672 magis
1509 609 1909 671 moveamur,
1983 610 2179 671 quam
2251 588 2308 651 si

291 678 546 762 quando
577 699 800 742 eorum
826 676 1118 760 ipsorum
1147 679 1260 740 aut
1285 676 1461 739 facta
1485 675 1821 740 audiamus
1852 678 1967 739 aut
1994 676 2307 758 scriptum
2336 699 2365 741 5

293 765 556 849 aliquod
618 763 957 849 legamus?
1055 763 1256 828 Velut
1312 784 1433 849 ego
1495 785 1667 828 nunc
1721 784 2003 828 moveor.
2108 762 2310 827 Venit

293 854 464 917 enim
538 852 702 916 mihi
773 852 1066 917 Platonis
1137 851 1209 915 in
1281 854 1600 934 mentem,
1676 872 1868 935 quem
1943 852 2308 934 accepimus

289 941 574 1025 primum
628 940 736 1005 hic
793 940 1122 1023 disputare
1179 940 1472 1022 solitum3
1528 938 1709 1003 cuins
1758 940 1956 1004 etiam
2013 939 2116 1004 illi
2158 961 2308 1023 pro-

292 1029 519 1113 pinqui
578 1027 827 1092 hortuli
888 1049 1020 1093 non
1074 1027 1456 1091 memoriam
1523 1027 1732 1091 solum
1786 1028 1947 1091 mihi
2016 1028 2311 1109 afferunt,

295 1117 406 1180 sed
468 1116 683 1199 ipsum
746 1115 1047 1180 videntur
1099 1115 1171 1179 in
1227 1118 1570 1197 conspectu
1625 1136 1770 1179 meo
1824 1137 2079 1197 ponere.
2181 1114 2309 1179 Hic
2340 1142 2399 1180 10

294 1202 718 1287 Speusippus,
762 1203 871 1268 hic
914 1202 1337 1287 Xenocrates,
1381 1202 1489 1266 hic
1536 1203 1673 1266 eius
1721 1203 1977 1268 auditor
2024 1202 2311 1287 Polemo,

293 1291 475 1355 cuius
521 1292 639 1355 illa
692 1291 836 1374 ipsa
891 1292 1091 1355 sessio
1146 1290 1298 1372 fuit,
1353 1312 1546 1374 quam
1592 1291 1901 1356 videmus.
1989 1290 2311 1375 Equidem

295 1379 488 1444 etiam
558 1380 802 1443 curiam
873 1382 1169 1443 nostram
1233 1377 1615 1463 (Hostiliam
1697 1378 1868 1463 dico,
1938 1401 2071 1444 non
2141 1379 2312 1443 hanc

291 1489 556 1548 novam,
613 1489 775 1551 quae
838 1468 1050 1532 minor
1114 1466 1278 1530 mihi
1344 1488 1483 1530 esse
1545 1466 1823 1549 videtur,
1884 1470 2312 1551 posteaquam

295 1558 396 1618 est
475 1554 711 1640 maior)
799 1555 1088 1619 solebam
1160 1555 1421 1618 intuens
1504 1551 1895 1637 Scipionem,
1976 1552 2311 1637 Catonem,
2340 1579 2397 1621 15

292 1642 611 1725 Laelium,
680 1646 978 1709 nostrum
1049 1664 1201 1708 vero
1287 1642 1358 1705 in
1429 1642 1657 1725 primis
1731 1664 1923 1706 avum
2003 1643 2315 1728 cogitare;

292 1732 483 1795 tanta
543 1731 642 1795 vis
706 1730 1168 1796 admonitionis
1231 1730 1402 1794 inest
1464 1729 1533 1793 in
1594 1730 1785 1813 locis;
1847 1733 1924 1794 ut
1984 1752 2116 1794 non
2172 1730 2311 1795 sine

223 1838 256 1885 3
295 1840 492 1882 causa
565 1840 641 1882 ex
713 1819 796 1883 iis
861 1819 1208 1882 memoriae
1273 1818 1465 1881 ducta
1528 1817 1616 1881 sit
1678 1817 2036 1901 disciplina.
2144 1818 2311 1883 Tum

294 1905 600 1981 Quintus:
665 1905 788 1969 Est
832 1907 1048 1989 plane,
1093 1905 1276 1989 Piso,
1320 1909 1395 1970 ut
1442 1905 1600 1969 dicis
1610 1956 1628 1988 ,
1673 1906 1903 1990 inquit.
1992 1904 2165 1970 Nam
2205 1927 2310 1969 me

293 1993 506 2075 ipsum
551 1993 678 2065 huc
723 1994 914 2059 modo
968 1992 1332 2058 venientem
1388 1994 1808 2058 convertebat
1862 1992 1945 2057 ad
1999 2014 2138 2057 sese
2186 1990 2309 2057 Co·
2338 2019 2395 2059 πο

294 2080 516 2144 loneus
581 2080 693 2144 ille
756 2081 964 2164 locus,
1026 2081 1207 2146 cuius
1266 2081 1479 2145 incola
1534 2078 1886 2164 Sophocles
1946 2082 2029 2145 ob
2088 2081 2311 2147 oculos

293 2167 697 2249 versabatur,
762 2190 951 2251 quem
1025 2169 1150 2233 scis
1221 2190 1417 2252 quam
1489 2168 1771 2233 admirer
1844 2190 2159 2253 quamque
2234 2190 2311 2234 eo

294 2255 587 2318 delecter.
692 2254 799 2318 Me
864 2255 1123 2339 quidem
1189 2255 1270 2319 ad
1330 2256 1629 2321 altiorem
1685 2256 2062 2321 memoriam
2120 2254 2311 2321 Oedi-

292 2342 479 2427 podis
525 2342 651 2406 huc
696 2342 1010 2407 venientis
1057 2347 1122 2407 et
1166 2343 1282 2408 illo
1330 2344 1719 2408 mollissimo
1766 2345 2072 2428 carmine,
2117 2366 2312 2428 quae-

292 2453 444 2495 nam
500 2434 717 2494 essent
767 2430 927 2495 haec
970 2431 1116 2514 ipsa
1164 2432 1333 2515 loca,
1386 2432 1772 2516 requirentis
1820 2434 2060 2515 species
2119 2453 2313 2515 quae·
2342 2459 2397 2499 25

295 2519 444 2582 dam
483 2518 856 2599 commovit,
901 2518 1178 2583 inaniter
1216 2520 1488 2603 scilicet,
1535 2519 1647 2583 sed
1684 2520 2037 2584 commovit
2069 2523 2313 2584 tamen.

293 2606 459 2670 Tum
520 2606 949 2691 Pomponius:
1040 2606 1133 2670 At
1195 2628 1350 2693 ego,
1422 2629 1612 2691 quem
1685 2629 1803 2671 vos
1874 2611 1949 2672 ut
2023 2606 2311 2671 deditum

293 2694 577 2777 Epicuro
625 2695 929 2759 insectari
976 2695 1224 2795 soletis,
1281 2716 1425 2759 sum
1478 2696 1755 2758 multum
1810 2694 2107 2778 equidem
2163 2716 2312 2759 cum

296 2780 616 2863 Phaedro,
680 2804 869 2867 quem
931 2783 1116 2847 unice
1182 2783 1410 2867 diligo,
1483 2785 1558 2845 ut
1619 2782 1827 2865 scitis,
1900 2783 1968 2846 in
2039 2781 2313 2865 Epicuri

293 2866 532 2951 hortis,
596 2890 755 2952 quos
820 2871 1011 2935 modo
1077 2871 1617 2971 praeteribamuS,
1687 2870 1799 2935 sed
1862 2870 2098 2934 veteris
2161 2891 2309 2953 pro·
2341 2896 2400 2936 30

293 2955 504 3019 verbii
551 2956 884 3021 admonitu
930 2957 1226 3022 vivorum
1272 2956 1564 3058 memini,
1616 2980 1735 3022 nec
1780 2962 2000 3021 tamen
2042 2957 2314 3040 Epicuri

294 3041 447 3105 licet
494 3042 816 3126 oblivisci,
863 3044 919 3107 si
964 3046 1246 3128 cupiam,
1301 3046 1483 3109 cuius
1543 3045 1896 3129 imaginem
1941 3067 2073 3110 non
2117 3045 2311 3111 modo

292 3129 362 3193 in
407 3110 650 3192 tabulis
705 3131 911 3194 nostri
965 3132 1350 3217 familiares,
1406 3132 1518 3197 sed
1573 3134 1769 3197 etiam
1822 3132 1893 3196 in
1946 3132 2199 3217 poculis
2246 3135 2315 3196 et

291 3216 362 3281 in
410 3216 618 3280 anulis
663 3216 924 3282 habent.

213 3282 256 3406 Ξ
425 3303 552 3368 Hic
591 3324 738 3389 ego.
783 3304 1175 3388 Pomponius
1215 3306 1495 3391 quidem,
1535 3307 1818 3391 inquam,
1852 3311 2072 3372 noster
2109 3307 2312 3372 iocari
2342 3334 2400 3374 35

292 3391 572 3474 videtur,
628 3394 694 3454 et
744 3391 1025 3456 fortasse
1082 3414 1196 3458 suo
1252 3394 1409 3457 iure.
1497 3394 1603 3458 Ita
1663 3396 1834 3459 enim
1899 3418 1967 3459 se
2033 3395 2313 3459 Athenis

293 3478 658 3559 collocavit,
703 3482 778 3542 ut
823 3479 912 3544 sit
953 3500 1157 3563 paene
1202 3501 1371 3544 unus
1426 3502 1506 3545 ex
1552 3482 1821 3568 Atticis,
1873 3485 1949 3547 ut
2001 3483 2068 3547 id
2114 3483 2315 3546 etiam
