2609 3884
331 165 465 230 440
690 161 701 166 ’
727 164 1328 221 TUSCULANARUM
1363 163 1966 220 DISPUTATIONUM

331 348 630 393 maxume
684 329 979 411 optatam
1033 329 1101 392 et
1154 327 1507 410 expetitam
1567 325 1983 391 securitatem
2040 321 2360 410 (securi-

330 418 572 481 tatem
632 419 849 480 autem
906 437 1076 481 nunc
1136 414 1396 498 appello
1457 414 1852 480 vacuitatem
1911 413 2362 499 aegritudinis,

330 504 405 568 in
448 525 575 588 qua
611 503 751 569 vita
793 503 987 568 beata
1022 503 1240 587 posita
1276 500 1408 589 est)
1448 502 1692 567 habere
1729 502 2075 587 quisquam
2120 506 2361 586 potest,

331 592 436 657 cui
493 593 605 656 aut
658 591 830 656 adsit
886 594 998 655 aut
1052 591 1276 656 adesse
1331 591 1544 675 possit
1593 589 1941 656 multitudo
1987 590 2361 656 malorum?

330 679 455 756 Qui
502 683 719 745 autem
773 679 1017 763 poterit
1062 700 1202 745 ense
1248 679 1456 744 celsus
1505 682 1573 744 et
1623 681 1874 744 erectus
1921 681 1988 742 et
2033 700 2136 762 ea,
2193 700 2360 762 quae
2385 703 2411 745 5

327 767 582 834 homini
618 767 905 834 accidere
940 770 1241 852 possunt,
1288 767 1508 832 omnia
1541 788 1745 850 parva
1786 765 2024 831 ducens
2033 815 2052 850 ,
2097 767 2362 850 qualem

330 857 689 939 sapientem
734 877 875 921 esse
920 856 1245 940 volumus,
1298 854 1429 920 nisi
1473 854 1694 919 omnia
1738 853 1866 919 sibi
1909 854 1981 918 in
2023 875 2096 920 se
2139 855 2364 937 posita

330 942 660 1011 censebit?
758 943 867 1008 An
919 941 1414 1008 Lacedaemonii
1465 941 1776 1027 Philippo
1832 941 2176 1006 minitante
2240 964 2362 1026 per

327 1032 583 1097 litteras
619 1053 689 1096 se
728 1031 965 1114 omnia,
1001 1052 1165 1116 quae
1202 1033 1610 1110 conarentur,
1643 1029 2123 1114 prohibiturum
2158 1051 2360 1115 quae—

330 1119 647 1202 siverunt,
698 1140 856 1182 num
912 1139 980 1182 se
1035 1121 1207 1183 esset
1260 1118 1461 1184 etiam
1513 1118 1681 1183 mori
1724 1117 2199 1202 prohibiturus3
2257 1118 2360 1183 vir
2386 1144 2439 1185 ιο

328 1207 415 1290 is,
478 1227 669 1291 quem
732 1205 1127 1290 quaerimus,
1188 1227 1324 1272 non
1379 1205 1589 1271 multo
1643 1205 1901 1271 facilius
1953 1206 2076 1271 tali
2138 1207 2358 1271 animo

327 1294 685 1378 reperietur
746 1315 942 1379 quam
1005 1295 1235 1360 civitas
1297 1292 1647 1360 universa?
1763 1291 1974 1369 Quid?
2039 1293 2121 1358 ad
2183 1295 2359 1360 hanc

326 1381 801 1466 fortitudinem,
854 1382 931 1448 de
976 1404 1105 1468 qua
1144 1382 1498 1467 loquimur,
1552 1382 1987 1466 temperantia
2031 1381 2362 1467 adiuncta,

328 1492 491 1555 quae
520 1471 611 1536 sit
637 1470 1034 1536 moderatrix
1063 1471 1351 1536 omnium
1384 1469 1908 1554 commotionum,
1945 1470 2099 1554 quid
2132 1473 2362 1554 potest

328 1557 411 1623 ad
444 1558 636 1624 beate
670 1559 1016 1625 vivendum
1051 1559 1271 1623 deesse
1310 1558 1398 1642 ei,
1435 1579 1625 1642 quem
1663 1556 1979 1623 fortitudo
2017 1558 2101 1623 ab
2143 1559 2354 1643 aegri·
2383 1582 2436 1624 ιε

325 1646 551 1711 tudine
587 1651 655 1712 et
688 1669 730 1710 a
761 1650 941 1711 metu
980 1645 1285 1729 vindicet,
1330 1645 1762 1730 temperantia
1806 1666 1953 1711 cum
1998 1667 2038 1710 a
2082 1646 2358 1712 libidine

327 1737 571 1813 avocet,
596 1737 738 1798 tum
764 1735 1070 1800 insolenti
1098 1735 1434 1799 alacritate
1463 1733 1705 1818 gestire
1731 1755 1864 1798 non
1890 1731 2106 1798 sinat?
2169 1733 2356 1800 Haec

328 1821 581 1888 efficere
626 1823 935 1887 virtutem
982 1823 1411 1906 ostenderem,
1459 1821 1590 1887 nisi
1635 1821 2075 1906 superioribus
2122 1821 2354 1887 diebus

222 1973 306 2100 {35
326 1911 1449 2083 esseXttqessplzqaAEa.perturbationes
1506 1998 1709 2063 animi
1760 1997 2117 2082 miseriam,
2171 1997 2353 2063 seda·
2379 2024 2435 2064 m

321 2085 533 2150 tiones
582 2089 799 2150 autem
843 2085 1049 2150 vitam
1094 2085 1384 2151 efficiant
1425 2087 1718 2169 beatam,
1770 2084 2131 2170 duplexque
2177 2086 2350 2152 ratio

320 2173 826 2256 perturbationis
881 2174 993 2256 sit,
1048 2173 1221 2256 quod
1276 2174 1616 2258 aegritudo
1663 2177 1728 2239 et
1774 2176 1986 2238 metus
2039 2173 2110 2239 in
2153 2173 2350 2239 malis

322 2260 639 2343 opinatis,
694 2259 767 2324 in
824 2259 1145 2324 bonorum
1204 2262 1419 2325 autem
1479 2282 1695 2327 errore
1749 2261 2002 2326 laetitia
2062 2262 2349 2347 gestiens

320 2348 652 2432 libidoque
714 2350 1036 2431 versetur,
1100 2369 1247 2414 cum
1312 2349 1535 2414 omnia
1595 2370 1670 2416 ea
1731 2371 1877 2415 cum
1941 2350 2216 2416 consilio
2283 2352 2350 2416 et

319 2437 575 2502 ratione
617 2439 938 2522 pugnent,
990 2435 1094 2500 his
1138 2439 1213 2502 tu
1256 2439 1396 2502 tam
1441 2438 1754 2523 gravibus
1799 2437 2343 2504 concitationibus
2371 2461 2428 2503 25

318 2528 584 2611 tamque
642 2525 807 2610 ipsis
862 2525 1034 2591 inter
1079 2546 1147 2590 se
1194 2525 1728 2592 dissentientibus
1773 2529 1968 2610 atque
2014 2525 2346 2592 distractis

316 2635 509 2766 ἓξὲξ
544 2635 838 2768 ἔρῗὲᾞ
844 2614 1136 2767 ’(11ῖίὶῖῡὲ
1138 2613 2080 2787 Ἂέἑῖἵᾛρῑέὲῖθῐέἓῆἒὲ
2081 2612 2207 2768 it}
2205 2615 2348 2767 Ἥ

318 2786 527 2853 fectus
583 2793 711 2874 est3
768 2810 1023 2874 semper
1076 2790 1276 2875 igitur
1331 2791 1586 2875 sapiens
1642 2791 1871 2856 beatus
1918 2793 2035 2855 est.
2124 2789 2344 2874 Atque

319 2875 519 2939 etiam
574 2898 763 2942 omne
816 2879 1057 2943 bonum
1110 2878 1416 2944 laetabile
1471 2882 1595 2963 est3
1650 2878 1824 2963 quod
1869 2881 2087 2943 autem
2137 2878 2342 2944 laeta—
2369 2903 2427 2942 eo

315 2961 479 3045 bile,
523 2962 592 3027 id
634 2966 1135 3046 praedicandum
1172 2971 1239 3033 et
1280 2988 1436 3051 prae
1473 2988 1541 3032 se
1584 2966 1946 3050 ferendum3
1992 2964 2165 3051 quod
2208 2967 2344 3030 tale

317 3053 561 3133 autem,
614 3049 681 3115 id
735 3052 935 3128 etiam
989 3054 1372 3140 gloriosum3
1427 3055 1485 3121 si
1529 3075 1682 3120 vero
1729 3054 2116 3140 gloriosum,
2166 3057 2344 3119 certe

315 3137 669 3222 laudabile3
726 3139 898 3222 quod
952 3139 1279 3208 laudabile
1337 3146 1581 3228 autem,
1633 3141 1926 3227 profecto
1974 3142 2172 3208 etiam
2226 3141 2341 3207 ho-

214 3243 280 3294 44
313 3228 598 3309 nestum3
656 3225 827 3310 quod
880 3225 1125 3293 bonum
1176 3230 1402 3314 igitur,
1455 3230 1524 3296 id
1577 3230 1944 3297 honestum.
2031 3230 2126 3295 At
2175 3251 2344 3314 quae

312 3312 425 3376 isti
478 3313 650 3377 bona
702 3318 1069 3399 numerant,
1121 3337 1204 3382 ne
1258 3318 1388 3402 ipsi
1442 3318 1700 3403 quidem
1753 3318 2030 3384 honesta
2089 3317 2342 3402 dicunt3
2371 3341 2425 3382 ³⁵

314 3398 523 3462 solum
568 3400 770 3484 igitur
813 3401 1084 3485 bonum,
1130 3405 1300 3488 quod
1345 3405 1716 3490 honestum3
1764 3428 1842 3472 ex
1887 3427 2016 3489 quo
2057 3404 2344 3470 efficitur

310 3483 648 3551 honestate
694 3511 821 3554 una
866 3489 1067 3554 vitam
1113 3491 1427 3556 contineri
1471 3492 1748 3559 beatam.
1820 3492 1974 3560 Non
2019 3496 2174 3558 sunt
2218 3492 2342 3578 igi-
