2609 3884
687 148 824 204 ΜΒ.
859 148 954 203 ΠΙ.
1011 146 1164 204 CAP.
1204 152 1264 218 5,
1301 155 1352 204 0.
1407 154 1439 215 5
1478 154 1720 206 111-22.
2087 150 2211 216 179

190 311 548 376 secundum
601 313 902 376 naturam
957 311 1114 395 sint,
1166 312 1496 395 pellatque
1541 312 1887 397 contraria3
1946 336 2073 398 qua
2115 314 2211 380 in-

189 403 390 465 venta
435 400 781 464 selectione
836 403 903 463 et
955 400 1116 464 item
1168 399 1519 465 reiectione
1566 402 1852 485 sequitur
1911 401 2211 485 deinceps

189 508 343 552 cum
408 487 622 552 officio
696 487 962 551 selectio
973 538 992 571 ,
1066 487 1293 553 deinde
1372 509 1449 551 ea
1517 492 1855 573 perpetua,
1917 494 2059 554 tum
2130 490 2213 554 ad

189 579 552 639 extremum
617 579 920 640 constans
976 581 1531 659 consentaneaque
1593 580 1890 662 naturae,
1951 578 2021 642 in
2085 600 2212 662 qua

127 688 156 729 s
187 664 478 748 primum
540 663 754 728 inesse
823 663 1056 746 incipit
1118 668 1184 728 et
1246 663 1570 748 intellegi,
1640 665 1794 748 quid
1856 666 1968 748 sit,
2040 666 2211 750 quod

189 773 344 817 vere
399 752 636 817 bonum
693 752 906 835 possit
960 752 1105 816 dici.
1201 751 1425 816 Prima
1478 756 1579 816 est
1623 753 1796 817 enim
1842 754 2208 819 conciliatio
2246 767 2313 817 21

184 839 476 904 hominis
523 839 605 904 ad
651 861 754 923 ea,
799 861 965 924 quae
1011 842 1166 903 sunt
1209 841 1558 905 secundum
1591 847 1913 906 naturam.
2006 843 2210 907 Simul
2290 894 2301 899 -

185 932 411 992 autem
456 928 628 1011 cepit
671 929 1181 1013 intellegentiam
1216 928 1320 992 vel
1355 929 1690 993 notionem
1724 931 1969 1014 potiuS,
2016 952 2210 1014 quam

186 1016 530 1099 appellant
602 1018 877 1081 ἔννοιαν
947 1016 1082 1099 ini,
1153 1015 1445 1101 viditque
1515 1039 1731 1081 rerum
1813 1019 2211 1102 agendarum

96 1131 155 1171 10
185 1105 490 1170 ordinem
552 1108 644 1188 et,
705 1108 780 1170 ut
840 1105 937 1169 ita
1000 1105 1237 1187 dicam,
1299 1105 1736 1189 concordiam,
1799 1107 2005 1171 multo
2066 1128 2211 1171 eam

182 1192 400 1277 pluris
457 1193 827 1257 aestimavit
889 1214 1083 1277 quam
1151 1193 1371 1257 omnia
1430 1194 1569 1274 illa,
1633 1216 1795 1277 quae
1848 1195 2061 1277 prima
2120 1195 2211 1258 di-

179 1282 464 1365 lexerat,
521 1285 716 1364 atque
768 1282 866 1345 ita
922 1281 1293 1365 cognitione
1349 1284 1415 1345 et
1471 1282 1723 1346 ratione
1786 1283 2076 1367 collegit,
2138 1286 2213 1347 ut

183 1372 510 1433 statueret
551 1369 620 1433 in
659 1390 734 1435 eo
773 1368 1158 1433 collocatum
1199 1390 1521 1433 summum
1564 1370 1725 1434 illud
1768 1370 2049 1435 hominis
2095 1392 2213 1453 per

183 1478 258 1522 se
306 1456 703 1521 laudandum
749 1460 816 1521 et
860 1457 1285 1565 expetendum
1324 1458 1593 1541 bonum,
1613 1457 1809 1541 (111οᾶ
1846 1480 1991 1522 011111
2035 1458 2213 1542 posi-

95 1572 150 1612 15
181 1549 338 1609 tum
382 1544 472 1609 sit
513 1546 582 1609 in
619 1568 724 1629 eo,
770 1545 942 1628 (111οᾶ
979 1540 1344 1629 ὁμολογίαν
1380 1543 1610 1628 Stoici,
1652 1568 1773 1610 nos
1811 1546 2210 1629 appellemus

183 1633 842 1717 convenientiam,
898 1633 954 1697 si
999 1634 1236 1716 placet,
1292 1668 1377 1680 —
1435 1655 1579 1698 cum
1623 1634 1831 1718 igitur
1874 1634 1943 1698 in
1988 1656 2065 1699 eo
2124 1633 2213 1698 sit

181 1722 257 1787 id
312 1721 581 1806 bonum,
635 1744 762 1805 quo
821 1722 1038 1785 omnia
1090 1721 1426 1785 referenda
1478 1725 1656 1804 sunt,
1710 1722 1981 1786 honeste
2037 1722 2215 1786 facta

179 1811 534 1894 ipsumque
597 1809 968 1890 honestum,
1031 1810 1202 1893 quod
1266 1810 1475 1874 solum
1538 1810 1609 1874 in
1679 1810 1867 1874 bonis
1939 1810 2238 1893 ducitur,

182 1919 585 1982 quamquam
642 1901 796 1982 post
859 1897 1091 1981 oritur,
1150 1902 1373 1962 tamen
1435 1898 1501 1961 id
1565 1897 1776 1961 solum
1839 1897 1907 1963 vi
1969 1918 2087 1963 sua
2146 1901 2215 1962 et

90 2013 153 2052 20
183 1986 512 2069 dignitate
567 1985 994 2070 expetendum
1057 1990 1182 2070 est3
1241 2006 1464 2050 eorum
1528 1988 1771 2069 autem,
1834 2007 1998 2071 quae
2062 1989 2218 2051 sunt-

180 2074 405 2159 prima
447 2078 749 2153 naturae,
793 2078 1060 2158 propter
1094 2095 1164 2138 se
1199 2074 1366 2137 nihil
1403 2077 1503 2137 est
1538 2073 1974 2157 expetendum.
2048 2071 2212 2139 Cum
2248 2094 2316 2143 22

181 2184 348 2227 vero
410 2162 552 2245 illa,
617 2184 780 2246 quae
846 2162 1062 2226 officia
1125 2184 1266 2227 esse
1332 2160 1494 2245 dixi,
1563 2161 2056 2245 proficiscantur
2127 2162 2209 2227 ab

181 2250 404 2315 initiis
465 2254 765 2333 naturae,
828 2271 1088 2314 necesse
1151 2254 1254 2314 est
1316 2272 1392 2314 ea
1456 2250 1539 2313 ad
1600 2249 1759 2315 haec
1822 2250 2077 2333 referri,
2138 2253 2213 2314 ut

182 2342 366 2403 recte
411 2338 540 2403 dici
583 2339 796 2421 possit
841 2338 1060 2403 omnia
1106 2338 1321 2402 officia
1366 2359 1443 2402 eo
1487 2337 1740 2422 referri,
1783 2342 1860 2403 ut
1903 2338 2211 2421 adipisca-

91 2453 153 2493 25
183 2448 338 2491 mur
381 2426 702 2510 principia
745 2429 1043 2510 naturae,
1085 2447 1206 2491 nec
1240 2429 1459 2490 tamen
1493 2429 1571 2490 ut
1604 2426 1728 2491 hoc
1764 2425 1851 2490 sit
1894 2427 2211 2490 bonorum

181 2514 525 2597 ultimum,
569 2518 916 2598 propterea
961 2514 1129 2598 quod
1173 2536 1306 2579 non
1350 2514 1521 2578 inest
1565 2514 1636 2578 in
1669 2515 1897 2598 primis
1942 2517 2212 2577 naturae

183 2602 758 2669 conciliationibus
817 2602 1095 2667 honesta
1148 2603 1350 2686 acti03
1415 2623 1811 2687 consequens
1875 2602 2047 2665 enim
2111 2604 2215 2665 est

183 2694 258 2757 et
301 2696 459 2775 post
503 2692 736 2775 oritur,
792 2695 868 2755 ut
915 2690 1065 2755 dixi.
1153 2690 1278 2755 Est
1320 2694 1540 2755 tamen
1585 2712 1662 2754 ea
1708 2689 2055 2754 secundum
2098 2711 2211 2753 na-

180 2784 408 2843 turam
465 2780 796 2862 multoque
849 2800 968 2843 nos
1025 2780 1106 2843 ad
1173 2800 1242 2843 se
1309 2779 1729 2862 expetendam
1790 2778 2001 2861 magis
2065 2777 2212 2841 hor-

85 2894 156 2934 30
182 2872 375 2932 tatur
438 2888 633 2950 quam
695 2867 1030 2949 superiora
1095 2868 1330 2931 omnia.
1432 2864 1555 2930 Sed
1619 2888 1697 2930 ex
1750 2866 1875 2930 hoc
1932 2865 2214 2949 primum

185 2976 372 3020 error
427 2955 753 3019 tollendus
811 2960 938 3038 est,
992 2976 1076 3019 ne
1130 2955 1276 3038 quis
1336 2956 1515 3038 sequi
1561 2954 1909 3037 existimet,
1968 2957 2041 3017 ut
2085 2953 2212 3018 duo

185 3044 328 3109 sint
364 3043 596 3107 ultima
640 3044 975 3107 bonorum.
1057 3040 1150 3107 Ut
1195 3042 1397 3125 enim,
1444 3043 1502 3106 si
1538 3042 1641 3107 cui
1675 3042 2083 3126 propositum
2128 3042 2216 3106 sit

187 3132 546 3197 conliniare
589 3131 847 3195 hastam
894 3131 1109 3215 aliquo
1156 3134 1272 3195 aut
1310 3130 1645 3214 sagittam,
1692 3130 1859 3194 sicut
1899 3152 2018 3194 nos
2065 3129 2215 3193 ulti-

187 3242 372 3302 mum
429 3220 502 3283 in
559 3219 749 3283 bonis
811 3219 1106 3302 dicimuS,
1167 3219 1259 3283 sic
1318 3217 1418 3283 1111
1475 3218 1687 3283 facere
1748 3218 1988 3299 omnia,
2051 3238 2214 3300 quae

85 3332 160 3375 3⁵
189 3296 430 3391 possit,
489 3310 566 3371 ut
625 3307 961 3371 conliniet:
1021 3269 1172 3371 111110
1229 3306 1299 3371 111
1358 3308 1495 3371 eius
1554 3306 1731 3371 modi
1791 3305 2212 3403 similitudine

191 3396 415 3460 omnia
453 3396 588 3460 sint
619 3395 939 3478 facienda,
982 3399 1058 3458 ut
1103 3394 1438 3477 conliniet,
1484 3398 1551 3459 et
1586 3399 1834 3476 tamen,
1878 3395 1953 3455 ut
1997 3391 2217 3456 omnia

191 3484 420 3569 faciat,
495 3506 623 3567 (1110
708 3481 1114 3568 propositum
1187 3486 1607 3567 assequatur,
1671 3483 1759 3545 sit
1826 3478 1953 3543 hoc
2029 3476 2216 3559 quasi

1686 3580 1791 3635 12*
