2609 3884
344 173 477 238 462
736 124 1332 229 TUSCULANABUM
1365 169 1972 227 DISPUTATIONUM

347 334 458 420 qui
494 333 575 399 ad
610 335 1014 419 voluptatem
1050 355 1129 399 ea
1162 332 1472 413 referunt,
1515 353 1679 417 quae
1717 331 2121 415 sequuntur
2100 353 2173 395 ιιι
2209 331 2376 415 vita,

346 427 438 508 ut,
483 443 881 507 quocumque
915 422 1075 487 haec
1114 422 1257 488 loco
1286 420 1747 522 suppeditetur,
1783 420 1877 484 ibi
1901 419 2092 484 beate
2120 425 2376 504 queant

346 512 579 576 vivere.
649 509 879 595 Itaque
916 510 997 575 ad
1034 529 1288 576 omnem
1324 509 1646 575 rationem
1681 507 1912 572 Teucri
1951 528 2079 573 vox
2115 528 2370 572 accom-

350 599 600 665 modari
642 601 887 682 potest.

480 720 750 787 Patria
796 724 938 806 est,
982 721 1440 805 ubicumque
1485 720 1602 784 est
1644 720 1851 784 bene.
2397 744 2423 784 ⁵

350 861 649 929 Socrates
704 861 961 945 quidem
1014 883 1159 926 cum
1211 864 1579 944 rogaretur,
1634 859 1909 924 cuiatem
1968 879 2037 925 se
2085 881 2224 925 esse
2271 859 2367 924 di-

350 953 547 1033 ceret,
594 947 1116 1015 ‘Mundanum'
1154 947 1393 1033 inquit3
1438 949 1642 1014 totius
1680 947 1854 1011 enim
1889 949 2113 1012 mundi
2155 969 2223 1013 se
2269 948 2367 1012 in-

350 1039 557 1104 colam
634 1041 701 1102 et
762 1037 970 1102 civem
1032 1036 1490 1102 arbitrabatur.
1598 1033 1807 1112 Quid?
1915 1034 1987 1099 Τ.
2048 1035 2366 1100 Albucius

348 1146 565 1190 nonne
620 1124 837 1190 animo
898 1124 1285 1226 aequissimo
1331 1123 1610 1190 Athenis
1666 1124 1812 1188 exul
1860 1123 2366 1226 philosophaba-

346 1210 498 1278 tur?
553 1212 658 1277 cui
710 1215 933 1276 tamen
984 1211 1146 1277 illud
1201 1212 1419 1296 ipsum
1470 1234 1604 1278 non
1647 1210 2013 1297 accidisset,
2067 1211 2124 1276 si
2178 1211 2250 1276 in
2292 1232 2365 1276 re
2395 1237 2448 1276 10

249 1299 691 1454 ιοειῑὶιιιιῂὶίῙιιιιιΕ
681 1321 1011 1384 quiescens
1038 1299 1310 1452 Epidcuri
1344 1300 1600 1452 legglplus
1635 1300 1978 1451 pargizset.
2041 1298 2167 1375 Qui
2193 1299 2368 1451 enin&

349 1410 653 1561 §aazia
694 1388 1151 1541 {2¹33}ssssng
1196 1410 1311 1541 affl:
1351 1410 1570 1540 {asatoa
1590 1409 2369 1541 {Jffoggte‘ffiaffffissffit

350 1569 463 1631 aut
520 1563 788 1630 Polemo
850 1562 1238 1648 Arcesilam,
1297 1585 1424 1648 quo
1481 1567 1654 1629 esset
1713 1563 2016 1629 beatior?
2123 1561 2366 1639 Quanti

349 1675 501 1719 vero
536 1653 664 1719 ista
708 1652 938 1717 civitas
985 1651 1386 1718 aestimanda
1429 1654 1556 1736 est,
1612 1672 1689 1716 ex
1741 1673 1868 1736 qua
1911 1650 2070 1717 boni
2117 1652 2368 1736 sapien·
2399 1676 2447 1716 15

348 1745 573 1826 tesque
609 1739 984 1824 pelluntur?
1044 1738 1438 1804 Damaratus
1475 1739 1749 1824 quidem,
1784 1739 2123 1823 Tarquinii
2158 1740 2369 1804 nostri

347 1830 524 1914 regis
569 1830 779 1912 pater,
830 1832 1183 1912 tyrannum
1228 1824 1581 1912 Cypselum
1637 1826 1808 1912 quod
1860 1826 2030 1891 ferre
2072 1848 2204 1892 non
2251 1849 2368 1910 po-

348 1919 546 1996 terat,
597 1915 773 2000 fugit
816 1914 1202 1999 Tarquinios
1249 1912 1564 1980 Corintho
1611 1918 1678 1979 et
1730 1914 1825 1980 ibi
1870 1936 2020 1981 suas
2067 1914 2367 1980 fortunas

350 2003 689 2070 constituit
721 2024 797 2068 ac
832 2004 1073 2069 liberos
1109 2004 1490 2087 procreavit.
1553 2001 1731 2068 Num
1771 2003 1968 2067 stulte
2000 2005 2370 2087 anteposuit

245 2063 572 2244 affl
610 2088 1978 2279 metulcsszfflregssffiffiffl
1993 2089 2366 2244 &aasz
2393 2117 2446 2156 ²⁰

349 2267 678 2331 leniuntur
730 2265 1043 2330 traductis
1100 2265 1334 2330 animis
1393 2265 1475 2334 ad
1518 2266 1938 2351 voluptatem.
2026 2264 2180 2333 Non
2225 2267 2366 2331 sine

350 2375 544 2420 causa
587 2352 791 2438 igitur
824 2351 1147 2437 Epicurus
1183 2374 1377 2420 ausus
1423 2357 1524 2418 est
1567 2354 1778 2419 dicere
1824 2374 2077 2437 semper
2109 2354 2182 2418 in
2224 2355 2366 2437 plu-

348 2443 531 2508 ribus
575 2442 766 2508 bonis
804 2463 945 2508 esse
982 2441 1365 2526 sapientem,
1410 2442 1561 2526 quia
1604 2463 1858 2526 semper
1901 2441 1990 2507 sit
2032 2441 2104 2505 in
2141 2442 2368 2526 volup·

347 2531 613 2596 tatibus.
701 2529 804 2595 Ex
840 2550 964 2614 quo
1009 2529 1180 2595 effici
1223 2532 1414 2613 putat
1454 2530 1569 2594 ille
1582 2581 1600 2612 ,
1645 2530 1819 2614 quod
1862 2530 2250 2614 quaerimus,
2294 2533 2368 2594 ut
2394 2555 2448 2595 25

248 2639 345 2689 111
395 2618 651 2703 sapiens
725 2639 977 2702 semper
1037 2617 1265 2683 beatus
1339 2618 1444 2682 sit.
1553 2617 1882 2701 Etiamne,
1946 2618 2003 2682 si
2067 2617 2367 2683 sensibus

350 2706 595 2771 carebit
648 2706 1006 2789 oculorum,
1062 2704 1119 2770 si
1164 2704 1461 2770 aurium?
1552 2704 1794 2788 Etiam3
1853 2726 2006 2769 nam
2050 2705 2181 2770 ista
2224 2706 2367 2789 ipsa

351 2792 725 2859 contemnit.
795 2791 1084 2857 Primum
1129 2793 1301 2857 enim
1346 2793 1683 2859 horribilis
1728 2793 1858 2858 ista
1902 2793 2182 2858 caecitas
2228 2795 2366 2878 qui-

347 2880 470 2944 bus
532 2880 797 2945 tandem
858 2883 1036 2946 caret
1095 2879 1589 2964 voluptatibus?
1653 2902 1799 2946 cum
1851 2880 2113 2965 quidam
2167 2881 2366 2946 etiam

348 2967 682 3050 disputent
716 2970 961 3032 ceteras
996 2969 1362 3052 voluptates
1397 2969 1468 3033 in
1507 2968 1668 3052 ipsis
1703 2968 2001 3033 habitare
2039 2990 2149 3033 sen
2157 2970 2360 3053 sibus3
2394 2993 2448 3032 ιο

350 3075 511 3140 quae
568 3056 786 3120 autem
840 3059 1103 3138 aspectu
1155 3055 1621 3141 percipiantur,
1681 3077 1758 3121 ea
1808 3078 1944 3122 non
1995 3057 2241 3121 versari
2299 3057 2369 3121 in

350 3144 682 3209 oculorum
715 3141 853 3207 ulla
887 3141 1313 3223 iucunditate,
1349 3148 1425 3208 ut
1460 3166 1561 3228 ea,
1606 3165 1768 3228 quae
1784 3148 2157 3246 gustemus,
2205 3144 2368 3210 olfa-

350 3232 619 3314 ciamus,
671 3232 1051 3314 tractemus,
1105 3231 1464 3316 audiamus,
1526 3232 1598 3297 in
1651 3253 1726 3296 ea
1778 3233 1948 3317 ipsa,
2001 3233 2116 3298 ubi
2170 3233 2371 3297 senti-

350 3339 521 3400 mus,
574 3320 757 3401 parte
812 3321 1162 3382 versentur.
1259 3318 1339 3382 In
1385 3319 1586 3385 oculis
1639 3319 1772 3384 tale
1814 3320 1908 3383 nil
1951 3320 2054 3403 fit3
2110 3320 2370 3385 animus

353 3404 613 3487 accipit,
668 3425 829 3488 quae
882 3403 1187 3468 videmus.
1283 3405 1524 3472 Animo
1587 3411 1804 3472 autem
1866 3407 2091 3472 multis
2155 3407 2371 3474 modis
2399 3432 2448 3471 ss

354 3489 673 3574 variisque
710 3490 1013 3554 delectari
1050 3489 1231 3573 licet,
1269 3492 1528 3557 etiamsi
1563 3515 1696 3584 non
1731 3493 2116 3560 adhibeatur
2149 3516 2373 3581 aspec-
