2609 3884
363 131 490 196 170
683 132 780 187 DE
816 130 1104 187 FINIBUS
1139 130 1500 185 BONORUM
1534 130 1631 185 ET
1668 128 2033 186 MALORUM

357 304 634 343 summum
659 289 868 344 bonum
897 289 984 343 est
1008 287 1198 343 vivere
1227 286 1520 343 scientiam
1546 286 1911 345 adhibentem
1944 304 2139 343 earum
2164 303 2369 357 rerum,

357 374 502 427 quae
544 360 747 414 natura
793 358 1079 426 eveniant,
1123 357 1483 441 seligentem,
1543 374 1686 425 quae
1734 359 2040 413 secundum
2091 359 2370 426 naturam,

359 431 419 483 et
472 445 616 497 quae
671 431 867 484 contra
917 431 1179 484 naturam
1233 428 1371 497 sint,
1424 400 1767 484 reicientem.
1856 428 2123 483 Actiones
2178 430 2373 484 autem

357 500 627 554 honestae
670 499 797 569 ipsa
829 498 1220 581 susceptione,
1263 515 1379 553 non
1425 498 1653 567 effectu,
1698 498 2015 553 laudabiles
2062 500 2191 553 sunt
2225 501 2369 568 (cap.

359 572 430 639 9).
502 570 720 624 Bonum
772 568 1055 639 Diogenes
1111 541 1556 624 commodissime
1607 568 1845 638 definiit,
1898 568 1959 622 id
2015 570 2166 638 quod
2221 570 2371 625 esset

356 642 564 694 natura
599 640 932 695 absolutum.
987 640 1077 693 Ad
1116 639 1248 695 boni
1282 638 1573 694 notionem
1606 612 1957 709 pervenitur,
1994 656 2122 695 cum
2150 640 2371 694 animus

359 709 663 764 collatione
698 710 934 765 rationis
970 710 1225 765 ascendit
1259 710 1332 765 ab
1368 709 1439 763 iis
1472 710 1660 778 rebus,
1708 726 1851 778 quae
1898 712 2029 765 sunt
2064 709 2372 764 secundum

355 781 632 836 naturam.
712 780 931 835 Bonum
975 782 1165 835 autem
1209 797 1244 835 a
1294 779 1499 835 ceteris
1541 781 1734 849 rebus,
1781 796 1925 849 quae
1970 780 2371 835 aestumabiles

357 852 513 918 suut,
557 866 671 904 non
713 850 920 919 gradu,
967 851 1067 905 sed
1111 865 1319 919 genere
1364 850 1551 905 differt
1586 852 1645 905 et
1680 868 1839 905 suam
1872 851 2049 905 habet
2082 850 2373 920 propriam

358 920 825 977 aestimationem.
906 869 1427 976 ’Perturbationibus
1471 920 1667 989 animi,
1714 937 1857 989 quae
1905 920 2168 991 opinione
2220 936 2373 974 com-

357 992 678 1059 moventur,
715 1007 828 1045 non
861 991 1088 1058 natura,
1125 990 1349 1060 sapiens
1386 1006 1605 1060 semper
1638 992 1807 1046 vacat
1834 992 1979 1061 (cap.
2009 992 2117 1061 10).
2176 990 2373 1059 Omne,

360 1062 510 1129 quod
544 1062 842 1116 honestum
878 1060 976 1130 sit,
1026 1062 1258 1130 propter
1292 1077 1351 1117 se
1388 1061 1759 1131 expetendum
1795 1077 1945 1130 esse,
1992 1062 2143 1130 qu'od
2186 1062 2374 1129 turpe,

356 1131 686 1201 fugiendum
720 1104 990 1186 facillime
1025 1131 1220 1185 intelle
1223 1130 1377 1201 gitur
1412 1148 1480 1186 ex
1516 1131 1800 1187 communi
1833 1131 2124 1186 hominum
2158 1130 2374 1185 iudicio

358 1203 418 1256 et
453 1216 646 1270 sensu,
683 1200 780 1269 qui
813 1201 873 1255 in
909 1202 1130 1271 agendo
1169 1150 1407 1271 apgplaret
1441 1204 1584 1271 (cap.
1616 1203 1723 1270 11).
1752 1233 1819 1243 --
1846 1202 1955 1257 Η10
1992 1218 2061 1257 ex
2087 1200 2375 1257 Ciceronis

357 1287 600 1352 persona
630 1243 824 1325 ’brevis
857 1271 1234 1341 interponitur
1270 1272 1341 1326 de
1376 1272 1600 1327 nomine
1638 1271 1765 1327 vitii
1800 1272 2089 1341 digressio.
2117 1302 2184 1313 ·--
2217 1272 2376 1327 Inter

362 1340 579 1395 Stoicos
634 1344 694 1397 et
715 1342 1153 1423 Peripateticos
1205 1359 1418 1409 rerum,
1471 1359 1586 1397 non
1636 1342 1935 1398 verborum
1991 1342 2376 1398 controversia

360 1412 473 1478 est;
525 1428 659 1467 nam
709 1411 770 1465 in
823 1411 1326 1481 Peripateticorum
1380 1412 1636 1467 doctrina
1689 1412 1838 1467 effici
1887 1430 2002 1467 non
2044 1415 2260 1493 potest,
2306 1415 2376 1467 ut

357 1480 1211 1633 {iffffsssstffeffissibssffssffiesst
1218 1482 2203 1636 ωξέιίἓωᾞῑιὲῗῇῗέᾆέηῗᾙῗοεὲῗῗ
2236 1483 2374 1607 Βὲζ

360 1621 540 1677 omnis
587 1624 1004 1678 commodorum
1049 1624 1321 1692 accessio,
1369 1640 1513 1692 quae
1558 1624 1633 1678 ad
1676 1622 1944 1679 virtutem
1978 1622 2131 1677 adici
2162 1624 2372 1705 potest,

358 1691 480 1747 eius
517 1692 812 1775 splendore
849 1693 1179 1750 obscuratur
1215 1697 1357 1763 (cap.
1400 1701 1543 1748 12-
1558 1700 1626 1748 14
1660 1696 1783 1763 pr..)
1860 1694 2041 1748 Recta
2074 1695 2221 1749 ratio
2256 1710 2373 1748 non

360 1761 584 1832 crescit,
620 1762 813 1845 itaque
847 1764 968 1819 vita
993 1765 1166 1820 beata
1198 1764 1377 1819 nihilo
1405 1780 1497 1818 ma
1558 1782 1583 1817 s
1620 1765 1933 1833 expetenda
1970 1765 2081 1832 est,
2118 1763 2167 1818 si
2201 1764 2373 1833 longa

359 1834 460 1901 est,
490 1850 658 1901 (111010
687 1834 736 1889 si
759 1834 946 1889 brevis
973 1835 1116 1904 (cap.
1150 1836 1254 1902 14).
1320 1835 1440 1889 Nec
1534 1834 1619 1888 ius
1647 1835 1761 1889 alio
1789 1834 2097 1903 sapientior
2124 1835 2225 1903 est,
2265 1850 2374 1888 nec

359 1903 502 1957 alius
539 1903 652 1958 alio
687 1905 868 1974 magis
903 1906 1120 1973 peccat.
1203 1904 1317 1959 Sed
1360 1904 1469 1959 etsi
1508 1920 1615 1959 nec
1648 1904 1887 1959 virtutes
1932 1920 2037 1959 nec
2072 1904 2217 1959 vitia
2253 1919 2372 1959 cre-

359 1973 544 2041 scunt,
581 1975 878 2043 utrumque
913 1978 1106 2029 tamen
1141 1990 1334 2028 eorum
1366 1974 1621 2029 funditur
1657 1974 1903 2043 quodam
1928 1975 2097 2029 modo
2135 1975 2195 2028 et
2230 1974 2372 2029 dila.-

359 2044 514 2096 tatur
550 2044 694 2112 (cap.
736 2050 804 2099 14
840 2046 1018 2115 extr..)
1097 2044 1339 2099 Divitias
1383 2043 1663 2113 Diogenes
1699 2046 1865 2113 putat
1908 2044 1983 2099 ad
2018 2044 2373 2125 voluptatem

361 2113 420 2167 et
461 2112 844 2167 valetudinem
889 2130 1001 2168 non
1047 2115 1228 2168 solum
1274 2114 1443 2169 duces
1490 2130 1637 2183 e,sse
1684 2114 1785 2169 sed
1821 2130 1916 2169 eas
1954 2114 2265 2182 continere,
2310 2114 2375 2168 in

360 2182 572 2237 artibus
610 2184 670 2237 et
702 2182 762 2237 in
786 2183 997 2238 virtute
1023 2201 1138 2238 non
1174 2184 1411 2238 eandem
1436 2184 1553 2238 vim
1578 2185 1787 2240 habere
1814 2185 1959 2253 (cap.
1992 2187 2096 2253 15).
2151 2183 2371 2240 Deinde

358 2251 670 2333 explicatur
723 2270 758 2307 a
813 2252 1014 2308 Stoicis
1069 2253 1387 2309 differentia
1437 2270 1651 2319 rerum3
1709 2270 1840 2309 nam
1894 2271 2022 2309 cum
2075 2252 2151 2310 ad
2201 2254 2371 2309 beate

355 2321 629 2376 misereve
675 2322 978 2377 vivendum
1021 2323 1164 2377 nihil
1210 2323 1515 2392 quidquam
1559 2294 1751 2379 valeat
1795 2325 2021 2393 praeter
2069 2324 2374 2378 honestum

359 2392 418 2446 et
451 2392 642 2461 turpe,
677 2393 870 2447 tamen
903 2393 1051 2448 inter
1087 2396 1302 2449 ceteras
1337 2410 1427 2449 res
1464 2393 1679 2463 aliquid
1706 2394 1969 2462 interest,
2004 2394 2071 2447 ut
2105 2393 2221 2449 alia
2258 2394 2374 2449 sint

357 2434 761 2551 aestimabilia,
799 2463 916 2519 alia
948 2463 1409 2533 inaestimabilia,
1447 2464 1563 2519 alia
1594 2465 1881 2532 neutrum,
1919 2466 1979 2517 et
2013 2462 2131 2518 alia
2164 2482 2239 2532 πρ
2242 2484 2310 2531 οη
2274 2484 2371 2533 η-γ

357 2530 503 2602 μένα
563 2534 960 2623 (praeposita),
1025 2534 1138 2589 alia
1208 2507 1652 2604 ἀποπροηγμένα
1723 2533 1993 2603 (reiecta).
2092 2533 2373 2589 Definitur

357 2605 548 2657 autem
583 2603 962 2674 προηγμένον,
1011 2605 1162 2674 (111οᾱ
1199 2605 1274 2660 sit
1306 2604 1628 2659 indifferens
1664 2621 1791 2659 cum
1826 2602 2217 2659 aestimatione
2253 2620 2371 2659 me·

356 2672 536 2727 diocri
571 2674 714 2744 (cap.
757 2677 1005 2744 15-16).
1059 2676 1218 2730 Βο00
1253 2674 1336 2730 sie
1374 2674 1723 2743 dividuntur,
1758 2674 1825 2728 ut
1860 2673 1976 2729 alia
2010 2673 2127 2729 sint
2158 2670 2371 2743 τελικά,

354 2742 416 2795 1(1
452 2743 540 2797 est
583 2744 658 2797 ad
699 2744 870 2799 finem
914 2745 1280 2814 pertinentia,
1330 2745 1445 2800 alia
1480 2740 1771 2813 ποιητικά,
1816 2743 1878 2798 1(1
1914 2744 2001 2798 est
2036 2715 2373 2813 efficientia,

355 2813 415 2865 et
468 2812 755 2881 pertinens
811 2817 1000 2869 autem
1053 2818 1112 2871 et
1169 2816 1417 2870 efficiens
1461 2814 1739 2897 sapientia
1784 2816 1883 2869 est.
1970 2813 2124 2879 Quae
2179 2817 2374 2869 autem

352 2882 675 2949 praeposita
702 2882 976 2952 dicuntur,
1004 2884 1214 2954 partim
1239 2901 1342 2967 per
1370 2900 1429 2939 se
1457 2884 1581 2954 ipsa
1604 2884 1931 2955 praeposita
1960 2885 2105 2953 sunt,
2141 2884 2373 2966 partim,

354 2951 504 3017 quod
550 2951 768 3019 aliquid
811 2954 1086 3022 efficiunt,
1129 2954 1338 3024 partim
1380 2956 1703 3023 uti-umque,
1747 2956 1948 3009 horum
1996 2970 2267 3024 generum
2310 2953 2376 3009 in

352 3021 480 3074 utro
516 3020 667 3075 bona
701 3022 854 3077 fama
888 2996 1148 3093 ponen’da
1185 3025 1282 3093 sit,
1334 3024 1510 3079 Stoici
1544 3024 1881 3080 dissentiunt
1915 3024 2061 3094 (cap.
2103 3026 2373 3093 16—1'7).

352 3089 637 3158 Officium,
674 3091 782 3146 1100
811 3094 922 3161 est,
961 3095 1128 3173 quod
1143 3094 1228 3149 ita
1259 3095 1472 3149 factum
1504 3097 1615 3164 est,
1650 3097 1717 3150 ut
1743 3095 1861 3150 eius
1887 3094 2027 3149 facti
2052 3093 2367 3176 probabilis

351 3158 498 3214 ratio
535 3160 696 3215 reddi
730 3162 936 3232 possit,
970 3180 1076 3219 nec
1109 3161 1170 3218 in
1203 3164 1368 3219 bonis
1404 3165 1633 3234 ponitur
1666 3182 1771 3220 nec
1806 3164 1868 3219 in
1900 3164 2094 3231 malis,
2146 3163 2209 3219 id
2241 3181 2371 3219 ver-

351 3231 507 3283 satur
557 3229 617 3285 in
674 3247 890 3301 eorum,
947 3250 1090 3302 quae
1145 3234 1415 3289 sumenda
1467 3236 1625 3303 sunt,
1679 3235 1806 3289 aliis
1867 3234 2177 3304 sumendis,
2240 3234 2374 3290 aliis

349 3298 646 3354 reiciendis
691 3303 837 3370 (cap.
880 3309 1022 3358 17-
957 3306 1143 3373 —18).
1213 3306 1411 3373 Itaque
1455 3304 1545 3359 his
1580 3305 1781 3360 mediis
1835 3306 2008 3360 etiam
2044 3320 2299 3359 excessus
2338 3321 2372 3360 0

350 3368 470 3423 vita
515 3371 574 3424 et
616 3370 678 3425 in
710 3372 834 3427 vita
877 3374 1091 3428 mansio
1136 3375 1482 3429 moderanda
1526 3377 1641 3444 est,
1684 3377 1751 3430 ut
1792 3373 2075 3430 interdum
2125 3391 2188 3429 sa
2188 3374 2373 3445 pienti

351 3454 383 3493 0
409 3438 530 3494 vita
566 3440 962 3497 discedendum
991 3444 1089 3513 sit,
1127 3461 1254 3499 cum
1281 3444 1354 3500 sit
1384 3418 1759 3515 beatissimus,
1798 3446 1971 3501 stulto
2008 3446 2373 3513 manendum.
