2609 3884
2268 0 2282 32 Ι

685 158 821 213 LJB.
858 158 902 212 Ι.
958 157 1112 212 CAP.
1154 163 1400 213 12-14.
1452 163 1485 223 s
1522 164 1765 213 41—46.
2120 158 2244 224 109

219 318 652 385 labefactetur
691 319 902 384 oratio
939 317 1129 404 mea.)
1192 316 1367 384 Nam
1406 341 1553 384 cum
1588 319 1995 404 ignoratione
2031 342 2246 385 rerum

220 408 546 473 bonarum
601 412 668 472 et
710 408 1024 471 malarum
1077 407 1358 471 maxime
1399 407 1737 472 hominum
1782 407 1921 473 vita
1963 412 2247 493 vexetur,

219 495 311 560 ob
377 516 646 579 eumque
705 516 989 560 errorem
1053 498 1122 560 et
1183 495 1629 578 voluptatibus
1694 496 1990 561 maximis
2056 517 2245 580 saepe

217 584 560 667 priventur
615 585 680 647 et
733 582 1094 648 durissimis
1151 582 1353 648 animi
1415 582 1745 647 doloribus
1807 586 2248 670 torqueantur,

154 695 184 733 5
220 671 547 755 sapientia
592 674 692 735 est
737 669 1125 755 adhibenda,
1173 692 1351 755 quae,
1383 673 1449 735 et
1481 670 1838 736 terroribus
1874 671 2245 755 cupiditati-

215 760 471 843 busque
557 757 863 823 detractis
944 761 1012 822 et
1101 757 1388 823 omnium
1477 758 1791 823 falsarum
1871 760 2245 842 opinionum

217 847 596 912 temeritate
641 846 908 930 derepta
953 846 1383 912 certissimam
1430 867 1498 911 se
1543 846 1735 912 nobis
1797 847 2022 912 ducem
2066 868 2246 931 prae-

220 935 382 999 beat
437 934 517 999 ad
569 934 989 1017 voluptatem.
1096 932 1432 1017 Sapientia
1486 934 1658 1000 enim
1710 937 1814 999 est
1866 957 2022 1018 una,
2084 956 2247 1019 quae

214 1022 621 1087 maestitiam
683 1023 889 1105 pellat
949 1043 1026 1086 ex
1085 1021 1346 1107 animis,
1402 1044 1565 1105 quae
1616 1044 1739 1087 nos
1803 1022 2245 1088 exhorrescere

129 1135 185 1174 ιο
215 1114 404 1175 metu
439 1132 571 1175 non
606 1110 802 1193 sinat3
850 1131 978 1194 qua
1019 1110 1459 1193 praeceptrice
1494 1110 1565 1174 in
1600 1110 2075 1194 tranquillitate
2116 1111 2247 1176 vivi

213 1200 446 1281 potest
489 1198 776 1263 omnium
823 1197 1251 1281 cupiditatum
1295 1197 1522 1263 ardore
1567 1198 1899 1263 restincto.
1987 1194 2245 1281 Cupidi-

214 1290 399 1351 tates
447 1286 618 1351 enim
665 1284 818 1351 sunt
861 1286 1296 1368 insatiabiles,
1343 1306 1505 1370 quae
1548 1307 1682 1351 non
1719 1286 1910 1351 modo
1956 1286 2245 1371 singulos

214 1374 551 1458 homineS,
597 1374 708 1439 sed
743 1374 1074 1439 universas
1111 1373 1393 1439 familias
1432 1376 1756 1453 evertunt,
1799 1376 2009 1437 totam
2047 1375 2245 1439 etiam

215 1462 624 1527 labefactant
685 1482 878 1545 saepe
953 1483 1091 1527 rem
1152 1461 1498 1545 publicam.
1612 1460 1717 1525 Ex
1787 1462 2246 1544 cupiditatibus
2282 1474 2349 1522 44

131 1573 187 1615 15
221 1549 402 1634 odia,
449 1549 742 1633 discidia,
795 1549 1181 1633 discordiae,
1225 1549 1606 1633 seditiones,
1663 1548 1835 1614 bella
1876 1553 2247 1633 nascuntur,

215 1658 346 1702 nec
399 1658 512 1702 eae
567 1660 636 1703 se
689 1638 851 1703 foris
909 1638 1119 1702 solum
1175 1638 1424 1701 iactant
1475 1658 1594 1701 nec
1649 1639 1904 1702 tantum
1957 1637 2026 1701 in
2082 1638 2244 1702 alios

218 1746 418 1790 caeco
482 1726 730 1809 impetu
772 1726 1136 1807 incurrunt,
1201 1724 1315 1789 sed
1375 1724 1550 1789 intus
1620 1724 1819 1789 etiam
1879 1724 1950 1789 in
2013 1725 2246 1789 animis

217 1813 516 1878 inclusae
569 1814 741 1878 inter
795 1835 864 1877 se
919 1812 1235 1879 dissident
1288 1816 1482 1897 atque
1538 1811 1935 1895 discordant,
1996 1833 2074 1876 ex
2120 1832 2244 1895 quo

218 1901 432 1966 vitam
471 1901 944 1965 amarissimam
978 1921 1238 1965 necesse
1277 1903 1378 1965 est
1415 1900 1599 1983 effici,
1637 1902 1713 1964 ut
1740 1900 1997 1983 sapiens
2036 1900 2249 1965 solum
2335 1968 2339 1973 ,

132 2014 190 2054 20
222 1992 570 2072 amputata
615 1988 1117 2072 circumcisaque
1162 1988 1481 2053 inanitate
1528 1988 1706 2052 omni
1753 1990 1820 2053 et
1878 2009 2090 2053 errore
2134 2009 2246 2051 na-

218 2080 412 2141 turae
459 2076 696 2141 finibus
741 2074 1080 2141 contentus
1118 2076 1257 2141 sine
1300 2075 1703 2159 aegritudine
1747 2076 1956 2160 possit
1999 2079 2066 2141 et
2112 2075 2249 2140 sine

219 2167 407 2229 metu
435 2165 682 2231 vivere.
782 2162 958 2240 Quae
1005 2166 1106 2228 est
1149 2164 1323 2228 enim
1370 2167 1483 2228 aut
1526 2163 1753 2228 utilior
1798 2166 1914 2227 aut
1958 2163 2039 2228 ad
2083 2164 2246 2229 bene
2284 2184 2351 2241 45

216 2251 571 2318 vivendum
634 2253 848 2335 aptior
907 2251 1180 2335 partitio
1206 2273 1437 2336 ⁴‚quam
1506 2250 1653 2333 illa,
1726 2272 1855 2334 qua
1922 2255 2024 2315 est
2094 2274 2247 2316 usus

217 2339 593 2424 Epicurus?
625 2340 751 2425 'qui
794 2361 993 2404 unum
1038 2359 1237 2424 genus
1282 2339 1505 2422 posuit
1548 2360 1769 2403 earum
1806 2338 2247 2423 cupiditatum,

134 2454 191 2495 25
221 2449 393 2512 quae
433 2430 647 2493 essent
683 2428 750 2491 et
783 2427 1123 2500 naturales,
1151 2430 1216 2491 et
1252 2426 1683 2510 necessariae,
1729 2426 2036 2508 alterum,
2084 2448 2246 2510 quae

217 2515 558 2581 naturales
606 2518 823 2579 essent
860 2535 979 2580 nec
1021 2518 1242 2579 tamen
1274 2514 1702 2597 necessariae,
1746 2514 2037 2596 tertium,
2082 2535 2246 2597 quae

217 2624 345 2669 nec
397 2603 732 2669 naturales
787 2624 907 2668 nec
949 2603 1369 2668 necessariae.
1460 2602 1742 2679 Quarum
1793 2623 1870 2665 ea
1912 2601 2079 2666 ratio
2128 2606 2247 2685 est,

221 2694 300 2755 ut
343 2690 741 2756 necessariae
782 2712 904 2755 nec
949 2712 1148 2774 opera
1190 2691 1399 2755 multa
1439 2712 1559 2755 nec
1605 2691 1901 2771 impensa
1946 2689 2243 2772 explean-

219 2784 364 2865 tur;
406 2800 490 2843 ne
531 2779 857 2844 naturales
904 2778 1164 2864 quidem
1208 2779 1415 2843 multa
1459 2777 1855 2860 desiderant,
1899 2780 2245 2861 propterea
2282 2798 2351 2847 46

139 2891 194 2933 so
221 2866 398 2952 quod
459 2868 602 2950 ipsa
664 2870 900 2943 natura
963 2866 1250 2951 divitiaS,
1319 2866 1552 2951 quibus
1617 2868 1921 2930 contenta
1994 2865 2107 2947 sit,
2181 2869 2245 2929 et

219 2953 558 3039 parabiles
613 2957 680 3018 et
732 2954 1112 3019 terminatas
1165 2952 1393 3037 habet3
1448 2953 1738 3018 inanium
1794 2955 2009 3017 autem
2070 2953 2245 3036 cupi·
2334 3036 2338 3041 ι

222 3044 507 3107 ditatum
567 3063 686 3107 nec
747 3042 974 3107 modus
1039 3041 1210 3107 ullus
1270 3062 1393 3106 nec
1463 3041 1613 3105 finis
1675 3040 1951 3105 inveniri
2012 3045 2245 3124 potest.

221 3130 476 3208 Quodsi
536 3130 742 3195 vitam
803 3150 1058 3194 omnem
1121 3129 1491 3213 perturbari
1555 3128 1844 3194 videmus
1908 3150 2121 3192 errore
2182 3132 2247 3193 et
2270 3134 2353 3196 14

221 3218 595 3301 inscientia,
641 3217 1150 3300 sapientiamque
1196 3238 1337 3281 esse
1382 3217 1617 3301 solam,
1664 3238 1825 3300 quae
1861 3238 1979 3281 nos
2018 3238 2057 3279 a
2101 3216 2247 3280 libi-

143 3333 196 3375 35
225 3307 456 3372 dinam
515 3306 762 3390 impetu
824 3309 892 3369 et
953 3328 994 3369 a
1055 3304 1471 3370 formidinum
1533 3308 1779 3370 terrore
1842 3303 2123 3368 vindicet
2182 3307 2248 3367 et

222 3395 434 3479 ipsius
479 3394 780 3459 fortunae
825 3394 1072 3459 modice
1116 3393 1282 3458 ferre
1331 3391 1560 3457 doceat
1601 3392 1869 3456 iniurias
1924 3394 1989 3455 et
2034 3390 2244 3454 omnis

223 3484 551 3565 monstret
611 3482 778 3566 vias,
840 3503 1003 3567 quae
1067 3480 1150 3545 ad
1215 3480 1499 3565 quietem
1568 3483 1635 3545 et
1703 3477 2244 3561 tranquillitatem
