2609 3884
629 192 765 246 LIB.
802 190 897 246 IV,
952 189 1107 245 CAP.
1149 196 1391 245 17—20.
1450 196 1479 256 ἓ
1516 196 1761 246 40-46.
2076 191 2207 256 407

182 354 349 418 toris
413 354 576 417 iram
642 352 922 417 oratoris
983 352 1287 416 incendat
1351 352 1539 418 actio.
1647 352 1882 417 Virum
1936 352 2210 437 denique

183 441 394 505 videri
430 443 705 525 negant,
753 440 862 524 qui
907 439 1102 504 irasci
1146 439 1423 523 nesciat,
1470 461 1765 525 eamque,
1811 462 2007 524 quam
2052 440 2211 504 leni-

182 534 392 593 tatem
436 550 554 593 nos
603 527 902 610 dicimus,
946 528 1186 593 vitioso
1231 528 1639 593 lentitudinis
1679 528 1944 594 nomine
1991 528 2211 611 appel-

184 617 350 681 lant.
454 616 520 681 N
523 638 592 682 ec
649 636 802 681 vero
859 616 1066 679 solum
1122 614 1290 681 hanc
1353 615 1689 680 libidinem
1752 616 2020 681 laudant
2083 612 2212 700 (est
2246 627 2315 676 44

123 730 154 769 5
187 704 364 769 enim
427 705 552 788 ira,
613 707 689 769 ut
751 702 942 769 modo
1007 704 1293 785 definivi,
1356 703 1708 768 ulciscendi
1769 702 2028 789 libido),
2100 704 2212 769 sed

185 794 403 876 ipsum
438 792 601 856 illud
638 812 842 876 genus
878 791 983 855 vel
1027 791 1315 855 libidinis
1355 792 1461 860 vel
1499 790 1873 874 cupiditatis
1922 792 2005 855 ad
2043 813 2213 855 sum-

184 898 366 945 mam
427 881 780 945 utilitatem
839 901 980 943 esse
1039 878 1263 943 dicunt
1326 902 1366 943 a
1420 882 1657 944 natura
1720 878 1972 965 datum3
2044 879 2215 944 nihil

185 969 365 1033 enim
421 989 834 1052 quemquam,
887 967 1015 1031 nisi
1074 966 1246 1051 quod
1300 966 1549 1051 lubeat,
1612 967 1946 1051 praeclare
2000 966 2213 1032 facere

137 1072 398 1140 'possa
513 1055 734 1122 Noctu
808 1055 1185 1120 ambulabat
1254 1054 1324 1119 in
1396 1054 1655 1140 publico
1728 1054 2214 1141 Themistocles,

92 1170 153 1209 ιο
185 1166 335 1209 cum
393 1165 690 1210 somnum
737 1164 964 1226 capere
1006 1165 1139 1207 non
1183 1147 1433 1227 posset,
1490 1144 2071 1228 quaerentibusque
2116 1165 2213 1208 re-

187 1232 554 1315 spondebat
614 1230 934 1296 Miltiadis
1010 1230 1293 1313 tropaeis
1358 1252 1426 1295 se
1492 1252 1527 1295 e
1592 1253 1819 1296 somno
1894 1230 2213 1296 suscitari.

187 1318 312 1385 Oui
348 1341 481 1385 non
517 1322 669 1383 sunt
707 1318 964 1383 auditae
1000 1316 1461 1383 Demosthenis
1498 1317 1809 1403 vigiliae?
1847 1319 1958 1403 qui
1996 1318 2214 1384 dolere

187 1429 258 1472 se
304 1407 549 1491 aiebat,
595 1407 653 1471 si
699 1406 954 1490 quando
1001 1406 1302 1489 opificum
1354 1406 1739 1472 antelucana
1781 1406 1992 1471 victus
2041 1410 2215 1473 esset

186 1494 525 1560 industria.
596 1492 1059 1576 Philosophiae
1098 1493 1373 1578 denique
1408 1494 1612 1578 ipsius
1659 1495 1984 1579 principes
2029 1516 2215 1558 num·

95 1607 156 1649 15
187 1605 384 1668 quam
430 1584 501 1647 in
546 1583 679 1647 suis
727 1581 957 1646 studiis
1014 1585 1234 1646 tantos
1289 1602 1674 1667 progressus
1722 1582 1860 1645 sine
1906 1581 2216 1665 flagranti

188 1671 544 1755 cupiditate
588 1670 802 1735 facere
845 1669 1231 1753 potuissent.
1317 1668 1602 1735 Ultimas
1647 1674 1857 1735 terras
1902 1668 2214 1734 lustrasse

184 1760 641 1843 Pythagoran,
699 1755 1172 1840 Democritum,
1223 1756 1566 1822 Platonem
1613 1757 1996 1842 accepimus.
2084 1756 2217 1823 Ubi

189 1848 363 1912 enim
409 1846 713 1931 quicquid
749 1849 949 1930 esset,
996 1844 1167 1929 quod
1213 1845 1375 1910 disci
1420 1849 1670 1930 posset,
1718 1867 1790 1910 eo
1826 1845 2216 1910 veniendum

189 1935 654 1999 iudicaverunt.
759 1932 937 1998 Num
989 1936 1296 2016 putamus
1352 1932 1512 1997 haec
1567 1933 1709 1996 fieri
1763 1933 1901 1997 sine
1962 1954 2215 1997 summo

100 2046 162 2086 ιο
192 2022 568 2105 cupiditatis
615 2020 844 2087 ardore
888 2020 1230 2103 potuisse?

322 2107 542 2199 Ipsam
589 2108 1087 2193 aegritudinem,
1142 2129 1337 2192 quam
1379 2129 1499 2172 nos
1544 2111 1622 2171 ut
1679 2110 1962 2171 taetram
2008 2111 2074 2171 et
2118 2108 2214 2173 in·
2232 2078 2321 2204 2405

193 2217 449 2261 manem
500 2196 760 2260 beluam
813 2196 1188 2281 fugiendam
1244 2194 1551 2279 diximus,
1604 2216 1739 2260 non
1790 2195 1929 2260 sine
1975 2216 2215 2280 magna

189 2284 476 2349 utilitate
506 2305 545 2347 a
571 2286 803 2349 natura
839 2284 1061 2348 dicunt
1098 2283 1541 2367 constitutam,
1577 2285 1653 2347 ut
1686 2281 1985 2348 homines
2023 2283 2215 2349 casti-

192 2372 592 2457 gationibus,
647 2371 1285 2456 reprehensionibus,
1339 2370 1717 2456 ignominiis
1774 2370 1965 2435 adfici
2020 2392 2087 2435 se
2146 2372 2216 2437 in

103 2486 164 2527 25
194 2460 431 2526 delicto
479 2459 789 2525 dolerent.
860 2458 1202 2543 Inpunitas
1251 2459 1423 2524 enim
1466 2463 1882 2543 peccatorum
1928 2457 2083 2523 data
2126 2459 2218 2523 vi·

194 2548 383 2613 detur
440 2547 560 2631 eiS,
619 2547 730 2633 qui
787 2546 1218 2632 ignominiam
1277 2550 1344 2610 et
1400 2546 1739 2611 infamiam
1796 2546 2015 2610 ferunt
2078 2547 2215 2611 sine

195 2636 442 2720 dolore3
495 2636 779 2700 morderi
833 2639 933 2705 est
986 2634 1218 2699 melius
1274 2634 1686 2699 conscientia.
1783 2631 1885 2697 Ex
1941 2655 2068 2717 quo
2116 2637 2216 2698 est

191 2724 353 2789 illud
409 2746 444 2787 e
499 2723 635 2788 vita
687 2724 951 2788 ductum
997 2722 1078 2787 ab
1124 2721 1422 2788 Afranio.
1510 2721 1687 2787 Nam
1738 2742 1885 2786 cum
1938 2720 2217 2787 dissolu-

153 2834 156 2837 ’
193 2816 298 2878 tus
344 2812 546 2877 filius:

107 2962 166 3001 so
322 2934 490 2999 Heu
535 2956 651 2999 me
695 2934 1082 2999 miserum!

193 3080 334 3141 tum
381 3097 637 3141 severus
684 3079 899 3159 pater:

321 3197 516 3262 Dum
553 3198 771 3263 modo
811 3197 1076 3262 doleat
1112 3197 1437 3283 aliquid,
1484 3197 1747 3263 doleat
1791 3193 2217 3281 qur‘dlubet.

193 3339 499 3424 Reliquas
537 3358 788 3422 quoque
831 3338 1038 3422 partis
1091 3337 1517 3423 aegritudinis
1561 3338 1741 3402 utilis
1784 3358 1924 3401 esse
1972 3334 2214 3419 dicunt,
2251 3347 2320 3397 46

195 3426 698 3499 misericordiam
737 3425 818 3490 ad
857 3448 1046 3509 opem
1081 3425 1413 3491 ferendam
1450 3428 1516 3490 et
1549 3425 1885 3491 hominum
1920 3422 2216 3507 indigno-

115 3542 170 3583 85
195 3538 336 3579 rum
404 3514 808 3579 calamitates
873 3514 1329 3599 sublevandas3
1394 3514 1608 3598 ipsum
1659 3511 1821 3576 illud
1886 3512 2217 3595 aemulari,
