2609 3884
628 173 763 228 LIB.
801 174 871 228 Π.
928 172 1081 229 CAP.
1120 179 1207 244 40,
1245 181 1331 230 41.
1389 181 1420 241 ς)
1458 178 1756 234 125—128.
2140 177 2226 242 77

170 334 487 400 tudinem
556 336 733 421 (ipse
779 338 950 402 enim
1010 337 1118 402 hic
1170 337 1463 402 radiatus
1523 359 1625 402 me
1688 340 1927 405 intueri
1971 341 2228 407 videtur

168 422 577 508 admonenS,
612 427 688 489 ut
715 426 937 491 crebro
964 425 1204 490 faciam
1231 426 1628 491 mentionem
1657 426 1784 514 sui)
1814 464 1896 474 —
1926 450 2042 493 vos
2071 450 2224 514 ergo

165 510 372 576 huius
406 512 936 598 magnitudinem
965 513 1150 599 quasi
1178 513 1563 598 decempeda
1588 515 1914 598 permensi
1940 516 2224 600 refertis3

168 619 295 684 ego
348 623 473 664 me
522 600 712 686 quasi
756 601 948 666 malis
990 601 1358 667 architectis
1395 624 1736 666 mensurae
1773 606 2024 668 vestrae
2058 625 2225 689 nego

120 713 143 752 5
168 687 478 753 credere.
582 687 867 753 Dubium
923 693 1051 775 est,
1122 692 1268 754 uter
1329 694 1624 755 nostrum
1687 691 1801 774 sit,
1864 691 2091 756 leviter
2153 696 2229 757 ut

166 776 429 860 dicam,
486 777 1020 842 inverecundior?
1110 777 1251 842 Nec
1292 781 1514 842 tamen
1558 779 1723 843 istas
1771 779 2179 864 quaestiones
2229 801 2330 850 12⁷

166 863 621 948 physicorum
667 865 1177 930 exterminandas
1222 869 1401 949 puto,
1481 865 1606 931 Est
1649 867 1819 930 enim
1866 867 2228 931 animorum

167 952 741 1036 ingeniorumque
785 954 1081 1018 naturale
1130 953 1449 1038 quoddam
1497 953 1682 1038 quasi
1724 954 2037 1037 pabulum
2082 977 2228 1019 con-

170 1040 514 1106 sideratio
564 1041 1151 1124 contemplatioque
1196 1045 1497 1126 naturae3
1563 1042 1896 1126 erigimur,
1961 1043 2227 1109 altiores

100 1153 146 1194 ιο
174 1128 336 1192 fieri
377 1128 695 1212 videmur,
737 1127 1021 1194 humana
1066 1129 1454 1213 despicimus
1483 1129 1971 1214 cogitantesque
2000 1152 2232 1219 supera

176 1219 400 1301 atque
452 1216 759 1281 caelestia
800 1215 962 1282 haec
1004 1221 1231 1282 nostra
1274 1221 1351 1281 ut
1396 1217 1631 1301 exigua
1677 1221 1744 1281 et
1776 1218 2046 1282 minima
2083 1240 2229 1284 con-

174 1305 579 1370 temnimus,
670 1303 1015 1388 Indagatio
1086 1305 1235 1388 ipsa
1296 1326 1512 1369 rerum
1575 1327 1719 1370 cum
1782 1306 2231 1390 maximarum,

175 1395 338 1457 tum
408 1393 610 1458 etiam
675 1392 1257 1456 occultissimarum
1320 1391 1521 1457 habet
1585 1392 2108 1478 oblectationem3
2175 1394 2232 1458 si

177 1502 355 1546 vero
396 1478 642 1565 aliquid
678 1480 977 1564 occurrit,
1023 1479 1195 1564 quod
1231 1481 1370 1544 veri
1415 1479 1626 1544 simile
1654 1481 1966 1564 videatur,
2007 1481 2232 1546 huma-

106 1591 156 1633 ιε
180 1569 478 1633 nissima
543 1567 901 1651 completur
965 1568 1216 1633 animus
1271 1569 1623 1650 voluptate.
1727 1567 2006 1644 Quaeret
2063 1569 2182 1653 igi-
2234 1590 2336 1640 128

184 1660 303 1722 tur
364 1656 532 1720 haec
578 1658 643 1719 et
688 1661 903 1720 vester
958 1657 1216 1739 sapiens
1263 1659 1331 1720 et
1386 1656 1492 1720 hic
1535 1659 1784 1739 noster,
1845 1656 1958 1720 sed
2001 1660 2232 1740 vester,

187 1749 273 1808 ut
324 1744 763 1826 adsentiatur,
818 1744 1041 1809 credat
1050 1794 1069 1828 ,
1123 1744 1449 1827 adfirmet,
1510 1746 1761 1820 noster,
1819 1746 1892 1807 ut
1935 1747 2234 1808 vereatur

190 1837 447 1896 temere
493 1831 750 1915 opinari
812 1832 1268 1915 praeclareque
1326 1831 1434 1915 agi
1490 1852 1706 1894 secum
1766 1833 1977 1914 putet,
2042 1832 2100 1896 si
2163 1831 2234 1897 in

195 1921 342 1986 eius
388 1919 567 1984 modi
612 1919 825 1997 rebus,
871 1920 1008 1984 veri
1053 1919 1261 1984 simile
1314 1919 1484 2003 quod
1532 1919 1636 2001 sit,
1681 1918 2018 1983 invenerit.
2107 1917 2233 1982 Ve-

121 2033 171 2072 20
194 2009 461 2074 niamus
506 2028 677 2072 nunc
724 2007 807 2072 ad
851 2007 1169 2072 bonorum
1206 2007 1653 2090 malorumque
1689 2006 2039 2071 notionem.
2106 2004 2231 2072 Sed

197 2094 477 2180 paulum
525 2098 674 2160 ante
734 2094 1073 2160 dicendum
1119 2097 1236 2159 est.
1325 2093 1390 2160 N
1393 2115 1479 2158 on
1531 2094 1693 2158 mihi
1735 2093 2038 2159 videntur
2083 2117 2233 2160 con-

200 2184 525 2266 siderare,
588 2204 733 2248 cum
793 2182 1070 2266 physica
1130 2183 1260 2247 ista
1322 2182 1508 2246 valde
1571 2182 1941 2266 adfirmant,
2014 2204 2234 2247 earum

200 2273 409 2336 etiam
437 2292 651 2334 rerum
692 2271 1148 2335 auctoritatem
1185 2291 1272 2354 se,
1319 2292 1483 2355 quae
1526 2269 1934 2335 inlustriores
1970 2271 2235 2335 videan-

198 2365 332 2444 tur,
379 2359 701 2423 amittere.
790 2357 943 2423 Non
989 2359 1160 2423 enim
1204 2358 1419 2441 magis
1469 2357 1919 2422 adsentiuntur
1963 2379 2081 2422 nec
2127 2358 2234 2422 ad-

128 2472 176 2513 25
202 2448 499 2533 probant
538 2445 751 2511 lucere
796 2467 983 2526 nunc,
1032 2467 1244 2530 quam,
1290 2468 1436 2510 cum
1483 2445 1706 2509 cornix
1734 2445 2052 2528 cecinerit,
2095 2449 2236 2509 tum

205 2533 460 2620 aliquid
507 2555 649 2599 eam
696 2538 811 2600 aut
864 2534 1085 2598 iubere
1143 2537 1257 2598 aut
1300 2537 1544 2616 vetare,
1605 2553 1725 2596 nec
1778 2533 1988 2616 magis
2047 2531 2238 2595 adfir-

202 2623 485 2688 mabunt
510 2623 769 2706 signum
812 2621 991 2705 illud,
1037 2622 1094 2686 si
1141 2624 1330 2686 erunt
1376 2621 1603 2704 mensi,
1650 2641 1762 2684 sex
1807 2619 2043 2703 pedum
2080 2640 2240 2703 esse,

204 2733 407 2796 quam
462 2709 693 2794 solem,
758 2731 948 2794 quem
1002 2709 1221 2774 metiri
1283 2730 1417 2773 non
1478 2711 1780 2791 possunt,
1839 2707 1987 2790 plus
2044 2729 2239 2792 quam

206 2797 660 2882 duodeviginti
703 2797 999 2882 partibus
1044 2798 1357 2862 maiorem
1395 2817 1534 2860 esse
1573 2817 1765 2879 quam
1811 2798 2070 2860 terram.
2136 2793 2240 2860 Ex

138 2913 185 2953 so
212 2908 340 2972 quo
388 2885 505 2950 illa
550 2886 875 2950 conclusio
919 2885 1237 2950 nascitur:
1313 2882 1424 2969 *ὃί,
1471 2882 1571 2948 sol
1616 2888 1925 2968 quantus'
1945 2883 2050 2967 sit,
2095 2904 2236 2967 per·

210 2974 341 3058 cipi
405 2995 540 3039 non
609 2977 853 3057 potest,
927 2973 1039 3057 qui
1102 2976 1345 3036 ceteras
1409 2992 1514 3036 res
1579 2970 1801 3035 eodem
1865 2971 2055 3036 modo
2112 2993 2240 3056 quo

211 3061 733 3146 magnitudinem
762 3060 921 3125 solis
970 3060 1303 3144 adprobat,
1347 3059 1408 3124 is
1455 3081 1564 3124 eas
1612 3081 1716 3124 res
1761 3081 1895 3124 non
1939 3059 2243 3142 percipit3

213 3148 598 3234 magnitudo
646 3152 864 3212 autem
910 3148 1065 3213 solis
1112 3148 1362 3232 percipi
1405 3168 1539 3212 non
1582 3150 1827 3232 potest3
1886 3147 1994 3230 qui
2039 3147 2244 3230 igitur

214 3237 281 3302 id
337 3236 686 3321 adprobat,
748 3237 934 3320 quasi
996 3236 1344 3320 percipiat,
1405 3233 1653 3298 nullam
1707 3256 1850 3298 rem
1910 3233 2206 3318 percipit.
2220 3232 2241 3262 '

142 3349 190 3390 ιε
212 3324 692 3408 Responderint
735 3345 927 3407 posse
973 3324 1248 3407 percipi,
1315 3327 1594 3406 quantus
1643 3323 1741 3386 sol
1789 3322 1903 3405 sit3
1967 3340 2101 3386 non
2145 3341 2243 3383 re-

214 3413 538 3498 pugnabo,
583 3412 735 3476 dum
780 3411 970 3476 modo
1020 3411 1245 3476 eodem
1291 3413 1485 3494 pacto
1533 3412 1750 3474 cetera
1792 3407 2038 3491 percipi
2074 3428 2242 3471 com-

214 3499 649 3586 prehendique
715 3499 951 3564 dicant.
1040 3497 1180 3563 Nec
1234 3498 1408 3562 enim
1461 3499 1738 3581 possunt
1802 3495 2012 3560 dicere
2069 3493 2246 3556 aliud
