2609 3884
771 139 908 197 LIB.
946 140 1015 196 V.
1071 138 1224 195 CAP.
1265 144 1439 196 6-8.
1496 144 1525 205 ς
1564 144 1807 195 16—21.
2173 140 2303 205 243

276 300 528 386 dentia,
592 322 788 386 quam
855 307 1063 367 artem
1124 302 1297 367 vitae
1367 322 1507 366 esse
1570 301 1881 386 diximus,
1950 302 2023 367 in
2085 324 2307 368 earum

275 390 480 456 trium
518 412 734 455 rerum
773 390 990 476 aliqua
1032 395 1353 475 versetur,
1399 412 1439 454 a
1484 411 1614 474 qua
1653 389 1857 455 totius
1893 390 2065 455 vitae
2112 392 2307 456 ducat

277 478 632 544 exordium.
739 476 844 543 Ex
907 500 982 544 eo
1047 482 1291 559 autem,
1358 477 1529 564 quod
1590 478 1894 543 statuerit
1946 500 2113 563 esse,
2177 501 2301 563 quo
2342 492 2407 541 19

277 566 564 651 primum
617 569 854 633 natura
912 570 1276 650 moveatur,
1341 566 1611 630 exsistet
1663 566 1824 631 recti
1879 566 2079 631 etiam
2133 568 2303 631 ratio

224 680 253 721 5
279 658 476 739 atquc
529 654 817 739 honesti,
881 674 1044 740 quae
1101 675 1246 719 cum
1302 654 1523 738 aliquo
1578 676 1707 719 uno
1762 676 1841 719 ex
1896 654 2109 720 tribus
2168 655 2303 721 illis
2418 721 2423 725 .

281 763 638 828 congruere
709 742 942 827 possit,
1016 746 1093 807 ut
1162 746 1277 807 aut
1346 742 1416 807 id
1485 741 1829 809 honestum
1902 742 2021 826 sit,
2090 742 2304 807 facere

281 831 504 896 omnia
545 830 904 915 voluptatis
953 852 1172 915 causa,
1223 830 1484 895 etiamsi
1527 852 1673 895 eam
1712 852 1848 896 non
1892 852 2305 915 consequare,

281 922 393 984 aut
454 940 590 985 non
652 919 936 1003 dolendi,
1003 919 1261 983 etiamsi
1332 918 1402 983 id
1475 919 1733 1002 assequi
1806 940 2118 1003 nequeas,
2191 922 2305 984 aut

281 1029 534 1090 eorum,
607 1029 773 1092 quae
849 1007 1195 1073 secundum
1263 1009 1567 1071 naturam
1642 1010 1818 1087 sunt,
1895 1007 2306 1092 adipiscendi,

199 1121 256 1161 ιο
282 1096 544 1162 etiamsi
578 1096 747 1161 nihil
784 1116 1193 1180 consequare.
1264 1092 1371 1159 Ita
1405 1095 1499 1179 fit,
1534 1098 1626 1180 ut,
1664 1100 1907 1180 quanta
1944 1095 2307 1161 differentia

281 1188 383 1249 est
452 1183 526 1249 in
597 1184 930 1268 principiis
1001 1182 1440 1267 naturalibus,
1509 1186 1699 1248 tanta
1770 1184 1861 1249 sit
1928 1184 1998 1249 in
2066 1184 2303 1251 finibus

278 1273 602 1337 bonorum
647 1272 1094 1357 malorumque
1141 1271 1619 1337 dissimilitudo.
1708 1271 1845 1337 Alii
1892 1294 2152 1339 rursum
2219 1272 2305 1337 is-

280 1362 428 1425 dem
476 1382 518 1425 a
559 1360 898 1444 principiis
937 1382 1127 1425 omne
1165 1359 1452 1425 officium
1486 1359 1769 1425 referent
1804 1363 1919 1425 aut
1954 1361 2037 1427 ad
2082 1361 2305 1444 volup-

280 1452 488 1515 tatem
535 1450 651 1512 aut
694 1448 778 1513 ad
821 1471 956 1515 non
1001 1448 1347 1514 dolendum
1384 1450 1497 1512 aut
1539 1449 1619 1512 ad
1664 1448 1879 1531 prima
1922 1448 2041 1514 illa
2084 1470 2304 1513 secun·

203 1562 256 1603 15
283 1537 437 1602 dum
491 1539 794 1601 naturam
859 1537 1230 1602 obtinenda.
1336 1535 1671 1619 Expositis
1735 1536 1866 1601 iam
1928 1536 2133 1621 igitur
2194 1556 2305 1601 sex
2340 1553 2411 1602 20

283 1626 360 1689 de
408 1646 666 1691 summo
705 1626 878 1691 bono
917 1624 1258 1691 sententiis
1299 1624 1503 1689 trium
1538 1624 1980 1707 proximarum
2014 1623 2085 1688 hi
2130 1624 2304 1707 prin-

280 1800 886 1867 st...
928 1712 1806 1887 zfizssizzmz²203z¹sffl³
1826 1710 2307 1877 §mua

895 1852 914 1885 7

285 1888 592 1975 diximus,
648 1887 1010 1955 Carneades
1064 1911 1198 1955 non
1251 1888 1362 1966 ille
1416 1888 1673 1974 quidem
1728 1890 1981 1973 auctor,
2040 1888 2153 1953 sed
2198 1887 2307 1953 de·-

207 2004 260 2043 20
284 1977 503 2043 fensor
556 1977 914 2043 disserendi
968 2000 1166 2043 causa
1214 1976 1361 2042 fuit.
1462 1975 1839 2061 Superiores
1900 1979 2038 2041 tres
2104 1978 2306 2060 erant,

289 2088 452 2151 quae
517 2086 657 2131 esse
729 2069 1024 2151 possent,
1096 2087 1371 2151 quarum
1443 2068 1544 2129 est
1613 2087 1743 2130 una
1815 2065 1955 2130 sola
2024 2063 2307 2148 defensa,

286 2175 490 2239 eaque
569 2154 1002 2219 vehementer.
1125 2152 1300 2220 Nam
1380 2154 1741 2237 voluptatis
1823 2174 2019 2218 causa
2096 2152 2305 2218 facere

287 2242 532 2327 omnia,
570 2264 742 2327 cum,
787 2242 1045 2307 etiamsi
1079 2242 1247 2307 nihil
1295 2263 1789 2328 consequamur,
1834 2244 2053 2306 tamen
2088 2239 2307 2325 ipsum

284 2329 446 2396 illud
509 2292 851 2396 consilium
913 2330 1011 2395 ita
1079 2329 1361 2395 faciendi
1423 2350 1542 2414 per
1612 2350 1681 2395 se
1742 2329 2170 2413 expetendum
2241 2331 2309 2393 et

209 2444 260 2484 25
287 2418 631 2485 honestum
676 2422 745 2483 et
789 2419 1001 2485 solum
1043 2419 1288 2483 bonum
1334 2418 1446 2502 sit,
1489 2439 1679 2483 nemo
1726 2417 1906 2482 dixit.
1995 2416 2096 2483 Ne
2142 2416 2305 2481 vita-

285 2506 532 2572 tionem
596 2506 857 2591 quidem
921 2506 1162 2573 doloris
1233 2505 1447 2590 ipsam
1509 2527 1625 2590 per
1693 2527 1763 2571 se
1825 2504 2168 2589 quisquam
2236 2503 2307 2568 in

286 2596 477 2660 rebus
540 2594 914 2678 expetendis
971 2593 1253 2679 putavit,
1318 2593 1451 2659 nisi
1507 2594 1705 2658 etiam
1766 2594 2008 2657 evitare
2065 2594 2305 2675 posset.

286 2681 379 2747 At
411 2703 566 2747 vero
603 2682 818 2748 facere
855 2682 1100 2767 omnia,
1140 2685 1218 2748 ut
1255 2681 1716 2766 adipiscamur,
1754 2700 1918 2764 quae
1955 2679 2307 2745 secundum

285 2774 589 2836 naturam
642 2774 819 2855 sunt,
883 2770 1139 2837 etiamsi
1199 2792 1276 2835 ea
1336 2791 1468 2837 non
1530 2788 1975 2853 assequamur,
2036 2767 2105 2833 id
2168 2788 2308 2833 esse

212 2883 265 2925 so
291 2862 356 2923 et
410 2858 756 2924 honestum
810 2861 876 2923 et
929 2859 1141 2924 solum
1199 2879 1317 2942 per
1370 2879 1439 2923 sc
1494 2856 1919 2941 expetendum
1973 2859 2041 2922 et
2098 2856 2309 2922 solum

288 2946 532 3013 bonum
579 2944 784 3013 Stoici
830 2946 1069 3015 dicunt.

421 3032 550 3101 Sex
589 3034 796 3119 igitur
838 3034 965 3100 hae
1001 3038 1156 3115 sunt
1191 3034 1517 3118 simplices
1563 3034 1643 3099 de
1689 3055 1941 3099 summa
1983 3035 2307 3099 bonorum
2344 3007 2407 3133 281

287 3122 736 3207 malorumque
792 3123 1178 3207 sententiae,
1232 3122 1397 3188 duae
1450 3122 1589 3187 sine
1641 3124 1943 3206 patrono,
2002 3125 2311 3207 quattuor

290 3211 608 3277 defensae.
723 3209 990 3278 Iunctae
1063 3214 1276 3277 autem
1361 3212 1427 3274 et
1505 3210 1793 3293 duplices
1866 3209 2308 3309 expositiones

215 3322 266 3363 ω
292 3299 529 3364 summi
572 3298 730 3364 boni
774 3302 908 3365 tres
956 3298 1218 3365 omnino
1264 3297 1554 3383 fuerunt,
1600 3318 1721 3363 nec
1765 3317 1917 3363 vero
1960 3296 2207 3380 plures,
2254 3294 2311 3361 si

290 3387 550 3471 penitus
597 3408 811 3451 rerum
855 3390 1159 3452 naturam
1201 3384 1449 3469 videas,
1496 3406 1636 3451 esse
1680 3387 2050 3469 potuerunt.
2140 3383 2311 3449 Nam

293 3478 406 3541 aut
449 3475 754 3559 voluptas
801 3474 1067 3561 adiungi
1110 3476 1330 3559 potest
1372 3436 1457 3545 ad
1507 3472 1941 3555 honestatem,
1994 3474 2071 3537 ut
2116 3468 2310 3534 Calli·

1884 3571 1993 3626 16*
