2609 3884
402 210 534 274 214
725 208 824 262 DE
860 206 1151 262 FINIBUS
1187 203 1552 260 BONORUM
1586 204 1682 259 ET
1719 202 2085 258 MALORUM

400 373 700 455 voluptas
756 392 791 434 e
848 370 1072 434 multis
1131 368 1513 433 obscuratur
1568 366 1639 431 in
1690 365 1811 431 illa
1854 365 1993 431 vita
2035 364 2433 449 voluptaria,

403 460 516 525 sed
560 463 781 524 tamen
827 479 930 542 ea,
977 457 1272 542 quamvis
1320 476 1523 538 parva
1560 455 1673 539 sit,
1716 476 1870 538 pars
1910 457 2011 518 est
2049 454 2185 518 eius
2231 453 2433 537 vitae,

402 570 566 633 quae
613 548 830 631 posita
874 548 974 611 est
1016 546 1088 610 in
1132 545 1485 627 voluptate.
1574 541 1895 608 Nummus
1946 542 2016 605 in
2060 540 2287 607 Croesi
2332 541 2431 605 di-

401 637 577 701 vitiis
639 635 1044 718 obscuratur,
1099 654 1250 717 pars
1297 634 1401 696 est
1442 636 1663 696 tamen
1721 630 2114 696 divitiarum.
2209 629 2430 706 Quare

405 725 830 789 obscurentur
869 722 1065 787 etiam
1111 721 1299 801 haec,
1347 741 1510 803 quae
1557 719 1904 784 secundum
1940 721 2241 783 naturam
2279 738 2428 783 esse
2460 741 2491 783 6

405 813 704 895 dicimus,
747 812 818 876 in
852 810 988 875 vita
1023 809 1427 894 beata31int
1460 807 1652 873 modo
1690 810 1910 892 partes
1948 807 2122 872 vitae
2172 807 2430 872 beatae.

537 900 741 984 Atqui
799 900 880 981 si,
934 901 1010 963 ut
1053 898 1393 963 convenire
1439 896 1633 961 debet
1675 897 1847 961 inter
1891 916 2039 974 1106,
2089 898 2191 960 est
2233 916 2427 979 quae-

406 989 556 1053 dam
612 986 926 1072 appetitio
980 986 1298 1050 naturalis
1360 1006 1463 1068 ea,
1518 1005 1680 1070 quae
1726 984 2079 1049 secundum
2121 986 2432 1048 naturam

407 1079 582 1160 sunt,
647 1078 956 1160 appetens
965 1123 985 1159 ,
1058 1095 1279 1139 eorum
1353 1073 1641 1139 omnium
1714 1075 1815 1137 est
1886 1072 2101 1157 aliqua
2156 1094 2430 1141 ,summa

405 1163 716 1229 facienda.
833 1161 974 1238 Quo
1047 1162 1401 1227 constituto
1422 1210 1440 1245 ‚
1509 1166 1650 1228 tum
1719 1160 1943 1226 licebit
2015 1160 2223 1226 otiose
2292 1161 2431 1225 ista
2462 1186 2518 1226 10

408 1272 732 1336 quaerere,
768 1251 846 1315 de
872 1250 1321 1336 magnitudine
1356 1271 1591 1329 rerum,
1627 1249 1704 1314 de
1743 1248 2143 1333 excellentia,
2180 1252 2431 1333 quanta

407 1340 478 1404 in
533 1361 784 1425 quoque
839 1339 930 1403 sit
975 1339 1055 1403 ad
1108 1339 1298 1405 beate
1344 1338 1717 1422 vivendum,
1773 1336 1850 1402 de
1907 1337 2057 1403 istis
2102 1338 2264 1421 ipsis
2312 1339 2429 1404 ob-

409 1428 909 1512 scurationibuS,
972 1449 1137 1512 quae
1199 1431 1467 1511 propter
1532 1426 1953 1512 exiguitatem
2007 1426 2115 1491 vix
2170 1429 2282 1492 aut
2342 1449 2430 1491 ne

405 1516 515 1580 vix
562 1516 822 1600 quidem
869 1519 1244 1600 appareant.
1336 1515 1534 1599 Quid,
1584 1514 1664 1580 de
1709 1536 1835 1600 quo
1880 1514 2063 1580 nulla
2108 1515 2427 1580 dissensio

408 1604 549 1668 est?
622 1602 830 1670 Nemo
870 1606 1041 1669 enim
1078 1608 1204 1689 est,
1250 1604 1363 1688 qui
1401 1604 1593 1669 aliter
1629 1603 1892 1687 dixerit,
1936 1603 2095 1687 quin
2135 1604 2427 1668 omnium
2458 1628 2513 1669 15

405 1696 787 1757 naturarum
826 1693 1036 1757 simile
1074 1695 1248 1757 esset
1292 1692 1385 1772 id,
1432 1692 1513 1756 ad
1552 1692 1724 1777 quod
1760 1691 1980 1757 omnia
2014 1691 2427 1777 referrentur,

409 1780 576 1865 quod
624 1784 724 1845 est
768 1781 1070 1845 ultimum
1111 1802 1330 1846 rerum
1377 1780 1900 1864 appetendarum.
1988 1778 2213 1846 Omnis
2250 1781 2429 1845 enim

407 1871 509 1932 est
551 1872 787 1934 natura
831 1868 1108 1954 diligens
1157 1869 1274 1933 sui.
1347 1868 1526 1945 Quae
1572 1872 1673 1933 est
1718 1868 1919 1953 enim,
1965 1889 2129 1953 quae
2174 1889 2240 1933 66
2284 1890 2429 1933 11111-

408 1976 601 2039 quam
649 1956 906 2021 deserat
951 1961 1063 2021 aut
1105 1960 1361 2040 partem
1407 1957 1693 2042 aliquam
1738 1957 1839 2022 3111
1886 1960 1999 2021 aut
2034 1957 2169 2021 eius
2214 1958 2425 2041 partis

403 2042 703 2107 habitum
759 2048 874 2109 aut
929 2045 1058 2109 vim
1115 2048 1228 2109 aut
1279 2045 1479 2109 ullius
1533 2066 1756 2110 earum
1807 2066 2048 2129 rerum,
2104 2066 2269 2129 quae
2325 2066 2423 2111 se·
2454 2071 2511 2110 20

406 2130 682 2195 cundum
727 2135 1029 2196 naturam
1067 2135 1244 2217 sunt,
1289 2138 1404 2197 aut
1441 2137 1690 2199 motum
1728 2136 1841 2198 aut
1876 2135 2120 2197 statum
2136 2134 2169 2197 P
2241 2132 2425 2209 Quae

407 2221 623 2282 autem
685 2222 919 2284 natura
982 2241 1134 2285 suae
1195 2222 1443 2304 primae
1505 2220 1938 2287 institutionis
2012 2221 2217 2286 oblita
2279 2222 2424 2287 est‘?

404 2304 607 2370 Nulla
650 2306 942 2390 profecto
985 2314 1100 2391 est,
1155 2309 1311 2392 quin
1365 2332 1549 2374 suam
1603 2311 1734 2375 vim
1789 2310 2069 2375 retineat
2116 2331 2157 2373 a
2208 2310 2421 2393 primo

301 2415 368 2464 33
409 2394 489 2459 ad
539 2398 913 2461 extremum.
1013 2394 1154 2471 Quo
1209 2397 1402 2463 modo
1458 2399 1661 2483 igitur
1714 2398 1954 2482 evenit,
2007 2400 2083 2463 ut
2137 2397 2423 2464 hominis

403 2486 639 2548 natura
703 2484 844 2549 sola
907 2487 1103 2569 esset,
1167 2506 1332 2570 quae
1394 2485 1725 2551 hominem
1778 2486 2196 2571 relinqueret,
2255 2508 2423 2571 quae
2454 2513 2508 2552 25

406 2572 893 2637 oblivisceretur
937 2574 1260 2660 corporis,
1310 2595 1471 2659 quae
1517 2596 1841 2639 summum
1884 2574 2127 2640 bonum
2172 2596 2306 2640 non
2352 2577 2425 2641 in

402 2663 543 2724 toto
607 2659 900 2746 homine,
966 2661 1077 2726 sed
1139 2662 1209 2727 in
1269 2666 1456 2746 parte
1516 2663 1801 2729 hominis
1852 2663 2172 2746 poneret?
2277 2663 2422 2740 Quo

405 2746 598 2813 modo
638 2752 875 2834 autem,
913 2750 1083 2833 quod
1119 2750 1250 2834 ipsi
1278 2751 1479 2815 etiam
1512 2751 1801 2815 fatentur
1833 2754 2214 2836 constatque
2250 2752 2425 2817 inter

405 2835 634 2913 omnis,
682 2838 1186 2922 conservabitur,
1227 2842 1302 2903 ut
1346 2839 1556 2903 simile
1594 2839 1685 2903 sit
1720 2839 2007 2905 omnium
2040 2843 2420 2906 naturarum

401 2920 565 2984 illud
619 2923 948 3007 ultimum,
1002 2926 1080 2989 de
1133 2948 1259 3010 quo
1316 2927 1689 3012 quaeritur?
1787 2926 1957 2992 Tum
2012 2928 2184 2993 enim
2247 2931 2423 2993 esset
2448 2954 2504 2994 30
2598 2996 2600 3003 ,

404 3008 644 3093 simile,
699 3011 756 3076 si
810 3012 880 3075 in
935 3013 1164 3077 ceteris
1222 3037 1475 3101 quoque
1528 3014 1778 3081 naturis
1833 3016 1901 3080 id
1957 3016 2185 3100 cuique
2246 3021 2421 3082 esset

401 3096 730 3181 ultimum,
773 3097 944 3182 quod
979 3100 1049 3164 in
1085 3123 1337 3187 quaque
1375 3105 1730 3169 excelleret.
1800 3102 1959 3168 Tale
1998 3105 2171 3168 enim
2206 3103 2420 3169 visum

283 3204 364 3253 ·34
402 3188 503 3249 est
546 3185 845 3250 ultimum
893 3185 1272 3255 Stoicorum.
1373 3190 1539 3267 Quid
1594 3191 1849 3257 dubitas
1903 3192 2106 3276 igitur
2162 3196 2419 3257 mutare

397 3272 720 3355 principia
781 3276 1097 3341 naturae?
1206 3276 1371 3353 Quid
1436 3280 1609 3345 enim
1672 3280 1830 3345 dicis
1896 3300 2085 3344 omne
2159 3281 2420 3365 animal,

400 3359 592 3425 simul
638 3364 830 3444 atque
879 3363 967 3428 sit
1011 3367 1251 3449 ortum,
1298 3368 1695 3450 applicatum
1732 3389 1875 3433 esse
1910 3368 1992 3432 ad
2030 3389 2099 3433 se
2144 3367 2417 3453 diligen·
2446 3393 2501 3434 35

400 3447 549 3511 dum
624 3469 890 3533 esseque
964 3451 1035 3515 in
1107 3474 1176 3517 66
1247 3455 1685 3520 conservando
1759 3455 2188 3540 occupatum?
2260 3457 2423 3541 quin

396 3536 613 3620 potius
660 3536 755 3602 ita
801 3538 988 3622 dicis,
1045 3560 1232 3605 omne
1281 3541 1520 3607 animal
1566 3543 1955 3627 applicatum
2002 3566 2142 3609 esse
2189 3544 2272 3610 ad
2333 3545 2422 3629 id,

299 861 385 988 ἐξ
