2609 3884
894 208 1317 265 ADNOTATIO
1357 210 1658 267 ORITICA.
2238 217 2288 271 V

265 365 456 420 biliter
506 366 654 420 coni.
707 365 922 436 Halm,
981 367 1206 438 scripsit
1247 368 1395 423 Bait.
1435 399 1501 410 -——-
1537 369 1600 425 P.
1639 376 1721 426 11.
1760 377 1827 426 32
1879 389 1983 441 pro
2021 374 2291 430 dicebant

265 436 387 489 cod.
419 435 559 491 Ged.
591 438 891 505 docebant,
920 438 1019 492 sed
1047 457 1099 493 v.
1128 456 1182 508 p.
1207 445 1290 494 16.
1322 444 1389 494 35
1420 441 1479 495 et
1505 446 1587 494 17.
1619 447 1701 496 14.
1730 471 1800 481 -
1824 441 1885 496 P.
1911 449 1992 497 11.
2018 449 2085 498 33
2115 462 2194 514 sq.
2222 462 2290 500 ex

263 522 430 575 eaque
466 506 694 576 scripsi3
729 523 846 562 non
880 525 1148 578 pugnem,
1186 509 1236 564 si
1263 509 1388 578 quis
1413 510 1698 579 praeferat
1732 527 1799 566 ex
1824 528 1935 581 qua
1970 516 2069 568 aut
2104 531 2287 584 eaque,

263 592 332 630 ex
367 593 479 646 qua
515 579 620 632 aut
655 594 756 645 ea,
792 594 860 634 ex
893 595 1030 648 qua,
1075 579 1235 634 codd.
1271 597 1300 635 e
1445 621 1464 647 ,
1508 581 1693 636 Halm.
1731 597 1797 637 ea
1839 599 2002 652 quae,
2042 585 2187 639 Bait.
2225 602 2289 642 ea

263 663 390 716 qua.
428 676 496 686 —
536 648 601 702 P.
633 653 720 703 12.
753 655 782 703 1
820 664 990 718 neque
1023 651 1133 704 vim
1169 665 1304 706 esse
1382 650 1558 719 hrist„
1592 651 1738 706 Bait.
1776 681 1843 694 —
1879 652 1940 706 P.
1982 659 2062 708 12.
2102 661 2133 710 3
2174 657 2289 711 iam

263 734 378 785 quo
429 718 603 772 modo
648 717 909 790 intellegi
952 719 1157 789 possit,
1200 737 1315 775 non
1360 721 1621 790 dispici0,
1667 738 1770 778 nec
1813 722 2004 792 placet
2045 727 2188 793 quod
2221 743 2288 780 ex

265 793 506 857 utroque
541 787 662 843 sine
697 790 898 857 verb03
943 790 1139 844 malim
1185 790 1294 846 Sed
1336 794 1481 860 quod
1516 808 1582 847 ex
1630 797 1861 863 utroque
1896 797 2183 861 constaret,
2228 798 2289 852 id

265 873 467 926 corpus
503 887 576 915 -τ-
620 861 997 917 nominabant.
1036 891 1102 900 —
1139 860 1201 915 P.
1242 867 1325 917 12.
1366 867 1435 916 14
1470 863 1753 931 appellant
1794 863 1915 919 cod.
1954 862 2116 932 θεὰ,
2165 866 2286 920 rell.

263 934 478 984 vocant.
519 959 588 970 -
624 929 686 984 P.
720 936 803 984 12.
834 937 904 985 24
939 932 1026 985 uti
1069 931 1246 998 fecisti
1278 931 1487 1000 Klotz„
1529 931 1701 1002 Bait,
1750 937 1815 988 ut
1848 934 2071 1001 effecisti
2106 936 2287 1005 codd„

265 999 453 1053 Halm.
497 1029 564 1040 -
602 999 665 1053 P.
708 1007 790 1055 12.
828 1007 896 1055 29
943 1003 1132 1056 variae
1167 1006 1342 1068 ortae,
1377 1018 1492 1057 non
1536 1008 1685 1057 ortae
1727 1005 1941 1070 variae,
1989 1005 2109 1060 cod.
2148 1006 2285 1062 Ged.

263 1069 434 1124 solus.
475 1100 542 1109 —
581 1069 643 1124 Ρ.
686 1076 767 1125 12.
806 1076 875 1126 30
911 1072 1010 1126 hoc
1043 1087 1294 1141 qaoque
1330 1074 1497 1127 enim
1531 1074 1741 1128 utimar
1774 1076 1907 1129 iam
1933 1091 2044 1145 pro
2079 1076 2287 1133 Latino

266 1139 490 1209 scripsi,
528 1142 786 1209 poteram
824 1140 996 1196 etiam
1029 1143 1128 1197 hoc
1162 1157 1371 1212 quoque
1403 1144 1614 1198 utimur
1640 1145 1783 1198 enim
1816 1146 1954 1212 iam,
1990 1146 2151 1202 codd.
2189 1149 2289 1205 hoc

265 1226 477 1278 quoque
512 1213 725 1266 utimur
759 1213 932 1266 enim
957 1228 1066 1280 pro
1101 1212 1258 1278 Lat„
1301 1213 1486 1268 Halm.
1526 1215 1587 1266 et
1616 1213 1761 1270 Bait.
1806 1215 1905 1270 hoc
1939 1232 2145 1285 quoque
2178 1219 2287 1273 uti·

263 1297 392 1334 mur
425 1282 593 1345 iam,·
629 1297 733 1350 ego
769 1283 970 1336 neutro
1007 1298 1195 1337 carere
1239 1283 1427 1338 velim.
1510 1282 1589 1338 cf.
1628 1284 1702 1338 ad
1745 1302 1800 1354 p.
1842 1290 1959 1341 164.
1996 1292 2081 1342 26.
2119 1318 2187 1328 -
2222 1289 2284 1344 P.

269 1357 355 1404 12.
391 1357 461 1405 31
503 1352 696 1420 prima
735 1368 851 1407 uon
897 1369 1036 1422 opus
1079 1353 1302 1408 videtur
1338 1369 1457 1409 esse
1492 1354 1702 1409 mutari
1744 1355 1805 1409 in
1831 1357 2092 1424 primae,
2138 1361 2287 1426 quod

262 1421 525 1475 fecerunt
581 1420 751 1476 etiam
803 1422 989 1478 Halm.
1046 1425 1106 1478 et
1156 1423 1304 1478 Bait.
1352 1453 1420 1464 —
1464 1423 1526 1479 P.
1568 1430 1651 1479 12.
1693 1430 1760 1479 35
1805 1427 2018 1495 reliqua
2059 1427 2286 1484 Halmio

265 1493 499 1546 auctore
536 1490 708 1558 Bait„
745 1493 987 1562 reliquae
1022 1494 1211 1561 codd.‚
1246 1493 1432 1550 Halm.
1461 1523 1529 1534 —
1562 1494 1623 1549 P.
1656 1500 1739 1550 13.
1767 1501 1803 1549 4
1839 1498 2126 1553 contritius
2163 1500 2284 1554 cod.

265 1561 434 1629 θεὼ,
473 1561 625 1630 vulg.
663 1563 866 1618 tritius.
905 1593 973 1604 —
1009 1563 1071 1619 P.
1113 1570 1194 1618 13.
1233 1570 1267 1617 6
1303 1580 1423 1618 ima
1457 1563 1680 1635 scripsi,
1724 1569 1841 1620 tota
1876 1567 2064 1633 codd,
2099 1573 2137 1635 †
2172 1574 2289 1625 tota

263 1631 484 1699 Halm„
528 1632 735 1699 formas
777 1634 1022 1703 (ommis)
1061 1633 1282 1701 Davis,
1327 1633 1473 1690 Bait.
1519 1635 1647 1690 Vid.
1696 1635 1771 1690 ad
1814 1635 1977 1705 Seyff.
2023 1637 2174 1694 Lael.
2228 1659 2283 1710 p.

263 1708 372 1755 319
411 1719 494 1770 sq.
534 1730 606 1742 -—-
638 1702 699 1756 P.
732 1707 815 1758 13.
859 1708 890 1757 7
927 1708 1086 1773 atque
1121 1705 1284 1758 etiam
1320 1704 1541 1774 scripsi,
1580 1721 1744 1774 aeque
1778 1708 1941 1761 etiam
1977 1709 2099 1762 cod.
2128 1709 2287 1779 Ged.‚

265 1773 399 1826 cett.
437 1771 531 1826 vel
569 1788 728 1841 eoque
764 1773 859 1827 vel
895 1789 954 1829 eo
990 1775 1178 1840 etiam,
1212 1774 1354 1828 Dav.
1393 1777 1451 1828 et
1485 1774 1669 1828 Halm.
1708 1791 1872 1844 eaque
1906 1777 2097 1842 etiam,
2138 1777 2285 1834 Bait.

263 1858 430 1910 eoque
467 1844 644 1897 etiam.
685 1874 752 1882 -
788 1843 850 1899 P.
882 1848 965 1898 13.
1000 1849 1066 1898 13
1101 1860 1172 1899 ne
1210 1844 1301 1898 cui
1333 1844 1395 1898 in
1430 1846 1679 1898 mentem
1712 1844 1928 1912 veniat,
1968 1847 2114 1913 quod
2148 1849 2287 1904 mihi

265 1913 432 1981 olim,
480 1912 780 1968 delendum
828 1930 945 1968 esse
990 1929 1112 1969 voc.
1157 1929 1291 1982 esse,
1339 1915 1405 1969 cf.
1442 1932 1498 1983 p.
1540 1919 1656 1970 126.
1698 1920 1763 1969 17
1810 1916 1951 1970 idem
1987 1933 2121 1972 esse
2164 1919 2287 1974 dieo

263 1985 625 2052 voluptatem,
674 1985 820 2053 quod
865 1985 958 2039 ille
1005 1979 1249 2053 ἡδονήν,
1298 2002 1353 2054 Ρ.
1402 1989 1521 2041 152.
1574 1990 1637 2040 11
1689 1987 1939 2055 voluptas
1946 2026 1965 2054 ,
2012 2005 2175 2057 quam
2222 1992 2288 2046 in

264 2058 417 2108 mota
461 2069 598 2108 esee
651 2055 860 2122 dicitis,
906 2071 962 2123 p.
1011 2061 1130 2110 179.
1168 2061 1236 2110 22
1283 2056 1410 2121 illa,
1456 2071 1595 2125 quae
1638 2057 1828 2124 officia
1860 2072 1995 2114 esse
2029 2059 2179 2125 dixi,
2228 2078 2284 2129 p.

266 2130 390 2180 243.
429 2130 460 2178 1
506 2141 672 2193 quam
715 2130 885 2180 artem
927 2126 1072 2180 vitae
1115 2141 1251 2180 esse
1295 2127 1563 2192 diximus,
1615 2142 1670 2196 p.
1718 2133 1837 2182 243.
1877 2133 1945 2182 18
1989 2129 2151 2183 rebus
2194 2131 2287 2197 iis,

265 2209 407 2262 quae
442 2196 662 2264 primas
704 2196 998 2252 secundum
1039 2200 1302 2250 naturam
1345 2212 1481 2252 esse
1523 2198 1767 2253 diximus
1810 2197 1901 2266 (cf.
1946 2215 2003 2267 Ρ.
2045 2205 2164 2254 242.
2217 2207 2285 2256 27

263 2281 408 2333 quae
443 2267 635 2334 prima
667 2267 963 2321 eecwndum
1004 2271 1270 2322 naturam
1311 2268 1646 2336 nominant),
1694 2286 1749 2337 Ρ.
1788 2274 1908 2322 345.
1950 2274 2015 2323 15
2050 2285 2165 2324 non
2198 2272 2285 2326 in·

267 2335 482 2404 telleyo,
526 2337 662 2405 quid
702 2351 970 2391 summum
1012 2338 1168 2392 dicas
1210 2351 1372 2405 esee,
1414 2340 1550 2407 quid
1594 2339 1745 2393 breve
1781 2338 1976 2408 (idem,
2024 2340 2174 2408 quod
2208 2340 2283 2395 ib.

264 2423 318 2459 v.
367 2411 434 2460 33
484 2407 619 2475 quid
660 2421 926 2462 smmum
969 2409 1145 2474 dicat,
1193 2409 1330 2477 quid
1376 2409 1573 2479 breve),
1622 2408 1861 2464 maxime
1896 2408 1965 2463 N.
2059 2453 2070 2465 .
2107 2410 2161 2464 II
2197 2417 2283 2466 42.

269 2481 376 2530 109
414 2492 497 2532 ex.
534 2477 940 2548 Arctophylax,
974 2479 1136 2547 vulyo
1171 2479 1270 2548 qui
1303 2479 1509 2534 dieitur
1544 2493 1677 2533 esse
1711 2479 1923 2534 Bootes.
1991 2479 2165 2534 Plane
2201 2481 2285 2534 vi-

264 2546 435 2600 detu:
480 2545 693 2602 Graeco
727 2563 883 2602 more
921 2548 1134 2603 dictum
1171 2565 1316 2604 esse:
1381 2543 1717 2618 ὀνομάζεται
1763 2545 1928 2602 εἶναι.
1972 2579 2043 2588 -
2088 2549 2149 2602 Ρ.
2201 2556 2283 2604 13.

265 2622 340 2670 14
386 2618 549 2671 etiam
589 2619 876 2673 materiam
922 2619 1106 2672 Halm.
1154 2618 1298 2688 (cod.
1350 2617 1487 2672 Ged.
1539 2621 1591 2673 et
1632 2619 1917 2671 materiam
1960 2617 2075 2671 iam
2113 2621 2288 2672 totam

263 2688 490 2754 ipsam).
529 2717 590 2727 -
628 2687 691 2742 P.
733 2694 816 2742 13.
869 2693 932 2742 18
983 2690 1242 2744 materiae
1280 2703 1423 2757 pars
1474 2687 1596 2741 cod.
1636 2685 1798 2755 Geel„
1837 2700 1981 2756 pare
2027 2689 2287 2744 materiae

265 2758 400 2811 cett.
441 2787 507 2796 —
541 2757 603 2812 P.
645 2763 728 2812 13.
766 2763 836 2812 25
881 2759 995 2813 sint
1029 2759 1239 2828 scripsi.
1312 2756 1685 2812 Indicativum
1730 2763 1884 2824 sunt,
1932 2756 2030 2825 qui
2070 2757 2285 2813 inveni-

261 2830 360 2880 tur
400 2826 465 2880 in
508 2827 670 2882 codd.
717 2829 776 2882 et
822 2828 980 2884 editt.
1027 2830 1309 2897 omnibus,
1357 2831 1421 2882 ut
1462 2827 1710 2897 videtur,
1755 2828 1995 2883 fortasse
2039 2845 2153 2883 non
2197 2831 2283 2884 tu-

261 2897 465 2952 lissent
517 2897 787 2966 editores,
840 2897 952 2953 nisi
1005 2916 1130 2954 eam
1181 2901 1292 2954 vim
1344 2915 1458 2953 non
1506 2899 1664 2954 deum
1708 2899 1913 2966 solum,
1965 2899 2065 2953 sed
2112 2899 2285 2954 etiam

261 2969 507 3022 omnium
549 2984 735 3023 rerum
777 2971 939 3037 quasi
966 2971 1323 3038 prudentiam
1358 2971 1661 3039 quandam,
1710 2969 2056 3038 appellatam
2094 2985 2213 3024 csse
2250 2985 2285 3023 a

259 3037 614 3108 philosophis
653 3039 996 3094 statuissent.
1028 3039 1194 3094 ·Mihi
1220 3042 1565 3110 ommiumque
1589 3055 1771 3095 rerwm
1791 3039 2147 3107 prudentiam
2171 3056 2286 3093 non

260 3109 334 3162 ab
371 3110 658 3177 appellant
691 3109 934 3177 pendere
947 3150 961 3177 ‚
1009 3110 1109 3165 sed
1153 3111 1227 3165 ad
1271 3127 1438 3179 quam
1471 3111 1581 3165 vim
1617 3124 1725 3165 esee
1767 3109 1961 3164 dictent
2004 3110 2285 3180 pertinere

257 3178 488 3232 videtur
524 3178 1023 3249 coniunctivusque
1057 3181 1172 3234 sint
1205 3197 1321 3235 non
1356 3179 1537 3234 minus
1572 3179 1918 3235 necessarius
1959 3194 2079 3234 esse
2118 3196 2285 3247 quam

255 3267 308 3302 v.
349 3255 417 3304 27
448 3251 796 3318 pertineant,
839 3251 1170 3319 praesertim
1206 3268 1334 3305 cum
1377 3267 1481 3320 pro
1526 3250 1633 3306 hoc
1681 3265 1901 3318 quoque
1946 3249 2285 3304 indicativus

257 3319 499 3390 scriptus
547 3320 626 3374 sit
670 3319 731 3375 in
775 3321 936 3375 codd.
975 3323 1034 3375 et
1078 3321 1236 3377 editt.
1287 3320 1588 3391 plerisque.
1635 3352 1702 3360 —
1749 3319 1811 3374 Ρ.
1852 3324 1935 3375 13.
1974 3326 2043 3374 29
2079 3321 2288 3374 evenire

256 3390 530 3459 'rm-neb„
567 3390 744 3459 Bait,
789 3392 934 3446 inter
968 3392 1154 3461 codd,
1200 3397 1238 3459 †
1273 3394 1420 3448 inter
1454 3391 1639 3446 Halm.
1680 3417 1749 3432 --
1784 3389 1847 3444 P.
1888 3396 1971 3445 13.
2008 3395 2077 3445 36
2115 3405 2284 3444 orere-

253 3465 346 3516 tur
381 3461 576 3517 Halm.
589 3503 606 3530 ‚
642 3460 792 3516 Bait.
832 3491 898 3502 —-
934 3461 996 3516 P.
1031 3468 1112 3517 14.
1141 3469 1176 3516 4
1211 3464 1327 3518 iam
1362 3480 1399 3516 a
1428 3462 1662 3516 Platone
1696 3462 1781 3516 ita
1810 3461 2150 3513 nominatam
2175 3473 2287 3511 non

253 3531 484 3588 videtui·
531 3531 730 3587 Cicero
778 3531 1080 3601 scripsisse.
1118 3564 1185 3573 —
1221 3533 1287 3588 P.
1328 3538 1411 3587 14.
1451 3537 1481 3586 7
1510 3531 1747 3601 percipi
1784 3527 2022 3582 Christio
2060 3528 2287 3578 auctore
