2609 3884
415 180 546 245 310
803 175 1401 232 TUSCULANARUM
1428 131 2041 230 ''msPUTATmNUM

416 341 690 408 aliorum
747 340 1066 406 clarorum
1119 339 1436 420 virorum,
1489 357 1651 420 quos
1704 335 1872 402 nihil
1936 335 2173 400 attinet
2228 336 2436 400 nomi·

413 423 2105 598 33352115320331132332}esfflrssssssssiffimffi
2149 422 2439 576 seez

1892 562 1910 597 7

415 605 798 671 aeternitate
843 605 1252 687 dixissemus,
1294 624 1377 667 ne
1424 602 1483 667 si
1526 601 1870 667 interirent
1913 599 2172 684 quidem
2216 599 2441 684 animi,

415 695 760 778 quicquam
803 693 964 758 mali
1010 714 1149 758 esse
1193 691 1265 755 in
1310 690 1561 755 morte?
2464 712 2491 754 5

547 783 630 848 A.
682 781 827 868 Ego
882 803 1036 847 vero
1091 779 1541 863 memineram,
1604 778 1716 844 sed
1776 781 1845 844 te
1908 778 1987 843 de
2052 777 2439 844 aeternitate

415 871 732 936 dicentem
779 870 1080 934 aberrare
1124 890 1164 932 a
1207 867 1544 951 proposito
1589 866 1781 932 facile
1826 866 2142 951 patiebar.

310 929 398 1058 ἓξ
548 965 637 1024 Μ.
693 956 901 1023 Video
971 961 1040 1022 te
1113 956 1244 1020 alte
1319 957 1609 1040 spectare
1682 959 1749 1021 et
1816 955 1985 1020 velle
2054 956 2127 1020 in
2190 954 2443 1020 caelum

416 1048 718 1131 migrare.
808 1043 1008 1129 Spero
1052 1044 1194 1110 fore
1235 1047 1314 1108 ut
1357 1043 1697 1128 contingat
1740 1043 1808 1108 id
1851 1042 2062 1111 nobis.
2144 1040 2275 1108 Sed
2320 1044 2443 1128 fac,

415 1139 492 1199 ut
542 1134 656 1198 isti
708 1133 965 1217 volunt,
1029 1133 1278 1198 animos
1332 1153 1467 1198 non
1522 1153 1854 1198 remanere
1916 1135 2069 1216 post
2129 1135 2513 1217 mortem31o

416 1222 604 1288 video
647 1243 796 1306 noe,
842 1222 898 1286 si
941 1222 1036 1286 ita
1083 1221 1196 1306 sit,
1240 1221 1484 1305 privari
1521 1242 1636 1304 spe
1677 1220 1993 1286 beatioris
2030 1219 2231 1306 vitae3
2279 1221 2445 1286 mali

416 1332 568 1375 vero
606 1310 760 1394 quid
797 1309 1006 1374 adfert
1041 1310 1170 1374 ista
1207 1309 1575 1374 sententia?
1636 1309 1769 1375 Fac
1808 1309 1983 1374 enim
2018 1309 2112 1373 sic
2149 1308 2444 1374 animum

408 1398 711 1483 interire,
753 1402 830 1464 ut
874 1419 1138 1482 corpus;
1183 1420 1341 1463 num
1385 1398 1587 1482 igitur
1632 1397 1867 1482 aliquis
1914 1397 2098 1463 dolor
2144 1401 2260 1462 aut
2309 1419 2444 1462 om·

416 1487 571 1552 nino
625 1490 780 1570 post
822 1490 1098 1552 mortem
1155 1508 1383 1550 sensus
1428 1486 1499 1550 in
1553 1508 1822 1570 corpore
1869 1484 2009 1550 est?
2098 1482 2317 1550 Nemo
2376 1486 2443 1551 id

417 1575 676 1659 quidem
739 1575 922 1660 dicit,
985 1575 1108 1640 etsi
1170 1573 1615 1639 Democritum
1684 1573 2025 1638 insimulat
2094 1571 2444 1658 EpicuruS,
2468 1598 2510 1638 1⁵

416 1662 800 1730 Democritii
833 1666 1096 1749 negant.
1167 1661 1269 1728 Ne
1303 1662 1375 1726 in
1416 1663 1631 1727 animo
1678 1662 1938 1746 quidem
1974 1661 2175 1746 igitur
2212 1683 2444 1727 sensus

415 1755 732 1836 remanet3
792 1751 932 1836 ipse
979 1751 1152 1816 enim
1194 1772 1516 1834 nusquam
1561 1753 1677 1815 est.
1766 1750 1900 1815 Ubi
1944 1750 2149 1835 igitur
2192 1751 2444 1815 malum

418 1843 542 1923 est,
605 1839 910 1924 quoniam
971 1838 1138 1904 nihil
1198 1839 1465 1903 tertium
1529 1836 1671 1903 est?
1735 1861 1819 1903 an
1874 1837 2238 1921 [quoniam]
2297 1839 2443 1924 ipse

419 1928 620 1992 animi
675 1928 994 1993 discessus
1049 1950 1089 1992 a
1143 1949 1411 2011 corpore
1464 1948 1599 1991 non
1652 1927 1730 1991 fit
1784 1927 1921 1992 sine
1976 1925 2243 1991 dolore?
2351 1927 2449 1992 Ut

419 2015 672 2080 credam
724 2016 820 2080 ita
873 2036 1040 2099 esse,
1094 2037 1287 2100 quam
1336 2018 1437 2079 est
1490 2014 1558 2079 id
1604 2015 1933 2100 exiguum!
2025 2011 2150 2079 Sed
2193 2013 2441 2079 falsum
2466 2041 2513 2080 20

418 2124 557 2166 esse
603 2102 912 2187 arbitror,
957 2105 1024 2167 et
1073 2103 1151 2167 fit
1202 2103 1582 2186 plerumque
1628 2103 1766 2167 sine
1812 2124 2031 2185 8811811,
2075 2123 2211 2168 11011
2253 2125 2441 2167 num-

418 2212 613 2274 quam
670 2190 868 2254 etiam
923 2212 1068 2254 cum
1122 2192 1483 2275 voluptate,
1535 2194 1871 2275 totumque
1934 2190 2059 2256 hoc
2119 2190 2263 2255 leve
2322 2196 2445 2274 est,

310 2299 380 2349 83
419 2278 878 2362 qualecumque
917 2281 1042 2362 est3
1079 2279 1155 2342 fit
1191 2279 1367 2342 enim
1404 2279 1485 2344 ad
1519 2283 1833 2363 punctum
1868 2278 2199 2362 temporis,
2262 2277 2442 2344 Illud

420 2366 603 2452 angit
655 2367 759 2431 vel
811 2366 1031 2451 potius
1085 2367 1433 2432 excruciat:
1489 2368 1807 2433 discessus
1857 2367 1941 2432 ab
1989 2367 2292 2432 omnibus
2340 2368 2442 2450 iis,

418 2476 581 2540 quae
619 2458 771 2519 sunt
805 2456 980 2521 bona
1013 2455 1084 2519 in
1117 2455 1274 2520 vita.
1345 2454 1538 2540 Vide,
1582 2477 1667 2520 ne
1708 2454 1775 2520 ‘a
1807 2453 2021 2520 malis'
2060 2454 2183 2518 dici
2221 2457 2441 2520 verius
2470 2481 2516 2520 25

414 2543 642 2627 possitc
714 2542 884 2619 Quid
921 2564 1041 2629 ego
1075 2565 1247 2609 nunc
1280 2543 1541 2629 lugeam
1576 2543 1781 2609 vitam
1815 2543 2201 2608 hominum?
2266 2542 2443 2608 Vere

416 2635 484 2696 et
536 2632 674 2696 iure
727 2654 1022 2718 possum3
1079 2631 1193 2696 sed
1240 2633 1395 2716 quid
1438 2653 1699 2697 necesse
1744 2635 1871 2716 est,
1920 2653 2067 2697 cum
2110 2631 2177 2695 id
2225 2652 2444 2717 agam,

414 2740 497 2783 ne
559 2723 712 2803 post
773 2724 1050 2785 mortem
1111 2720 1386 2786 miseros
1447 2742 1567 2786 nos
1630 2723 1931 2804 putemus
1992 2720 2159 2805 fore,
2236 2721 2442 2784 etiam

413 2807 614 2870 vitam
669 2807 921 2872 efficere
975 2808 1368 2892 deplorando
1423 2807 1867 2873 miseriorem?
1956 2806 2254 2873 Fecimus
2312 2808 2441 2874 hoc

413 2894 484 2957 in
531 2915 606 2958 eo
652 2895 847 2979 libro,
892 2896 963 2959 in
1007 2918 1132 2980 quo
1178 2900 1437 2962 nosmet
1479 2897 1683 2981 ipsOS,
1728 2898 2042 2981 quantum
2081 2897 2439 2980 potuimuS,
2470 2923 2521 2962 sc

409 2981 736 3046 consolati
791 3003 1030 3048 sumus.
1127 2983 1190 3048 A
1244 2985 1433 3050 malis
1487 2984 1688 3070 igitur
1732 3006 1907 3050 mors
1956 2983 2247 3068 abducit,
2306 3006 2441 3049 non

415 3090 454 3132 a
497 3067 713 3152 bonis,
758 3090 982 3152 yerum
1028 3071 1087 3135 si
1132 3073 1519 3156 quaerimus,
1608 3071 1699 3136 Et
1757 3072 2015 3158 quidem
2058 3071 2186 3138 hoc
2234 3095 2274 3137 a
2324 3071 2441 3156 Cy·

413 3156 673 3221 renaico
728 3154 1013 3242 Hegesia
1067 3158 1161 3225 sic
1217 3161 1477 3245 copiose
1532 3160 1925 3246 disputatur,
1975 3163 2051 3224 ut
2094 3160 2151 3225 is
2200 3183 2240 3225 a
2289 3182 2439 3246 rege

410 3243 792 3311 Ptolomaeo
820 3246 1188 3330 prohibitus
1227 3269 1368 3314 esse
1401 3249 1652 3314 dicatur
1683 3249 1799 3313 illa
1835 3250 1905 3314 in
1930 3249 2170 3314 scholis
2209 3249 2441 3332 dicere,

413 3331 583 3414 quod
629 3334 820 3398 multi
863 3334 946 3400 iis
993 3335 1232 3400 auditis
1278 3340 1559 3402 mortem
1605 3337 1729 3402 sibi
1772 3337 1901 3421 ipsi
1946 3337 2441 3403 consciscerent.
2464 3363 2517 3403 3⁵

307 3438 378 3488 84
415 3415 798 3486 Callimachi
836 3423 1096 3506 quidem
1133 3424 1533 3508 epigramma
1570 3425 1641 3489 in
1669 3425 2155 3491 Ambraciotam
2182 3424 2441 3492 Cleom-

412 3506 672 3574 brotum
719 3513 843 3594 est,
889 3531 1078 3596 quem
1125 3512 1244 3595 ait,
1291 3533 1438 3576 cum
1475 3514 1535 3577 ei
1570 3513 1737 3577 nihil
1786 3514 2126 3579 accidisset
2162 3513 2441 3594 adversi,
