2609 3884
354 125 485 190 456
552 97 561 106 ⁰
748 122 1344 180 TUSCULANARUM
1380 121 1983 179 DISPUTATIONUM
2073 81 2078 84 ’

489 285 702 362 Quid?
735 286 793 350 is
828 285 956 349 tibi
980 287 1336 349 mortemne
1364 284 1619 348 videtur
1646 287 1760 349 aut
1785 283 2072 350 dolorem
2097 287 2384 352 timere?

356 375 467 459 qui
514 395 658 439 eum
704 373 902 456 diem,
960 393 1086 457 quo
1132 371 1435 450 moritur,
1491 372 1755 436 beatum
1811 373 2100 455 appellat
2153 395 2382 440 maxu-

355 462 621 563 misque·
634 461 967 526 doloribus
997 459 1285 524 adfectus
1315 480 1426 524 eos
1463 458 1640 543 ipsos
1667 459 2078 526 inventorum
2107 483 2377 528 suorum

221 589 227 594 -
354 548 669 615 memoria
722 551 789 613 et
839 547 1285 613 recordatione
1343 547 1636 612 confutat
1695 568 1814 612 nec
1865 547 2027 613 haec
2080 549 2177 615 sic
2219 551 2379 635 agit,

354 640 430 702 ut
466 658 543 702 ex
576 640 869 720 tempore
906 635 1091 720 quasi
1130 634 1384 699 effutire
1420 634 1757 699 videatur?
1817 635 1917 699 De
1953 640 2160 701 morte
2197 638 2374 702 enim
2401 661 2425 701 5

354 725 451 790 ita
505 725 734 808 sentit,
790 728 865 788 ut
918 723 1232 789 dissoluto
1298 723 1628 787 animante
1692 743 1952 788 sensum
2017 725 2376 790 extinctum

354 814 566 897 putet,
622 811 792 914 quod
846 813 1065 876 autem
1119 831 1312 875 sensu
1357 813 1599 893 careat,
1650 809 1815 874 nihil
1872 811 1955 875 ad
1997 832 2121 876 nos
2165 813 2234 877 id
2277 813 2373 878 iu·

358 900 531 966 dicet
572 899 911 984 pertinere.
994 898 1160 963 Item
1204 899 1277 963 de
1321 897 1539 963 dolore
1580 900 1756 962 certa
1796 897 2021 981 habet,
2067 921 2230 984 quae
2277 922 2372 966 se-

335 991 617 1073 quatur,
664 988 843 1052 cuius
878 985 1394 1070 magnitudinem
1436 985 1759 1050 brevitate
1803 949 2194 1071 consolatur,
2236 988 2372 1054 lon-

250 1097 318 1146 89
358 1075 786 1160 ginquitatem
848 1074 1130 1139 levitate.
1248 1072 1374 1149 Qui
1443 1072 1706 1137 tandem
1775 1073 1893 1138 isti
1963 1038 2372 1161 grandiloqui
2399 1103 2447 1141 ιο

356 1165 585 1228 contra
644 1162 805 1226 haec
867 1161 1020 1244 duo,
1085 1182 1248 1246 quae
1309 1161 1588 1225 maxime
1655 1164 1926 1246 angunt,
1999 1163 2229 1228 melius
2302 1185 2370 1228 se

353 1249 602 1315 habent
646 1271 837 1332 quam
880 1247 1241 1332 Epicurus?
1289 1271 1374 1312 an
1420 1248 1502 1313 ad
1543 1251 1781 1329 cetera,
1828 1271 1991 1332 quae
2035 1251 2215 1316 mala
2256 1272 2370 1334 pu-

354 1341 603 1422 tantur,
663 1358 795 1402 non
859 1340 924 1401 et
984 1337 1305 1421 Epicurus
1370 1340 1435 1400 et
1494 1336 1724 1421 reliqui
1783 1336 2159 1422 philosophi
2213 1340 2372 1404 satis

355 1426 570 1509 parati
625 1424 968 1490 videntur?
1067 1423 1227 1500 Quis
1280 1445 1415 1488 non
1465 1427 1918 1507 paupertatem
1971 1425 2373 1491 extimescit?

354 1535 562 1600 neque
605 1516 826 1578 tamen
873 1513 1211 1598 quisquam
1255 1511 1807 1595 philosophorum.
2399 1541 2450 1580 15

251 1598 337 1664 32
489 1601 617 1667 Hic
669 1621 825 1666 vero
876 1601 1018 1684 ipse
1063 1621 1255 1684 quam
1314 1621 1516 1683 parvo
1563 1603 1664 1664 est
1707 1601 2073 1666 contentus!
2162 1599 2372 1667 Nemo

357 1689 435 1754 de
470 1689 655 1754 tenui
687 1691 865 1754 victu
908 1689 1098 1772 plura
1134 1687 1314 1752 dixit.
1385 1686 1676 1771 Etenim,
1721 1709 1885 1773 quae
1920 1710 2023 1754 res
2064 1690 2374 1772 pecuniae

358 1776 776 1860 cupiditatem
815 1775 1140 1860 adferunt,
1182 1779 1259 1840 ut
1303 1775 1538 1858 amori,
1583 1778 1658 1838 ut
1691 1775 2059 1859 ambitioni,
2103 1779 2178 1840 ut
2214 1777 2374 1842 coti-

358 1863 565 1929 dianis
629 1863 990 1948 sumptibus
1056 1863 1282 1945 copiae
1346 1865 1725 1946 suppetant,
1788 1885 1934 1928 cum
1995 1865 2222 1946 procul
2288 1865 2372 1928 ab

355 1952 461 2017 his
519 1951 818 2017 omnibus
882 1952 1074 2017 rebus
1140 1951 1338 2034 absit,
1401 1971 1513 2014 cur
1575 1950 1913 2033 pecuniam
1977 1971 2374 2036 magnopere
2403 1979 2452 2018 20

250 2060 320 2110 90
357 2039 679 2105 desideret
730 2039 837 2105 vel
888 2039 1105 2122 potius
1160 2059 1273 2102 cur
1319 2041 1499 2103 curet
1553 2038 1860 2104 omnino?
1947 2039 2055 2104 An
2099 2038 2374 2123 Scythes

356 2126 751 2192 Anacharsis
786 2127 1003 2210 potuit
1036 2148 1154 2210 pro
1190 2125 1401 2191 nihilo
1445 2126 1784 2208 pecuniam
1821 2127 2075 2210 ducere,
2119 2131 2375 2192 nostra-

354 2218 456 2278 tes
520 2213 894 2297 philosophi
948 2213 1160 2278 facere
1213 2234 1347 2278 non
1399 2213 1747 2295 poterunt?
1841 2213 2030 2279 Illius
2097 2215 2378 2298 epistula

357 2300 563 2366 fertur
605 2300 710 2365 his
755 2301 996 2365 verbis:
1062 2299 1570 2366 ‘Anacharsis
1614 2300 1974 2369 Hannoni
2027 2303 2375 2367 salutem.

356 2388 547 2455 Mihi
610 2388 931 2454 amictui
995 2391 1112 2453 est
1165 2386 1610 2472 Scythicum
1663 2390 2029 2474 tegimen,
2087 2390 2374 2456 calcia·
2405 2417 2455 2456 2⁵

356 2482 689 2543 mentum
749 2479 1085 2543 solorum
1141 2477 1450 2560 callum,
1507 2477 1764 2543 cubile
1818 2481 2050 2561 terra,
2103 2479 2376 2562 pulpa·

356 2570 690 2632 mentum
770 2565 1038 2650 fames,
1119 2565 1352 2648 lacte,
1433 2586 1684 2649 case0,
1773 2587 1998 2631 carne
2086 2586 2375 2630 vescor.

311 2733 319 2742 ,
359 2653 606 2729 Quare
650 2658 735 2719 ut
780 2655 871 2718 ad
918 2654 1256 2738 quietum
1300 2673 1414 2717 me
1459 2652 1647 2718 licet
1692 2653 1974 2718 venias.
2059 2651 2377 2718 Munera

360 2745 610 2805 autem
664 2741 847 2823 ista,
911 2741 1188 2826 quibus
1245 2762 1322 2805 es
1378 2739 1836 2825 delectatuS,
1896 2741 2020 2806 vel
2073 2741 2375 2806 civibus

356 2828 516 2891 tuis
588 2828 711 2893 vel
780 2829 897 2894 dis
970 2828 1539 2895 immortalibus
1602 2826 1837 2894 dona?
1937 2827 2174 2894 Omnes
2237 2828 2376 2894 fere
2405 2855 2460 2894 so

355 2914 729 2998 philosophi
784 2917 1073 2983 omnium
1136 2916 1648 3000 disciplinarum,
1708 2917 1836 2982 nisi
1890 2938 2052 3001 quos
2107 2938 2148 2980 a
2195 2920 2379 2981 recta

356 3003 608 3068 ratione
661 3005 895 3069 natura
946 3005 1183 3070 vitiosa
1237 3004 1642 3087 detorsisset,
1697 3003 1918 3069 eodem
1970 3004 2098 3070 hoc
2154 3005 2376 3069 animo

253 3111 317 3159 91
358 3113 499 3156 esse
543 3093 909 3175 potuerunt.
1008 3091 1331 3176 Socrates,
1384 3092 1460 3155 in'
1507 3113 1748 3176 pompa
1790 3114 1936 3157 cum
1989 3112 2230 3177 magna
2274 3093 2377 3158 vis

356 3179 497 3243 auri
560 3178 937 3263 argentique
994 3178 1297 3263 ferretur,
1358 3178 1625 3254 Quam
1676 3182 1921 3246 multa
1963 3201 2117 3245 non
2173 3179 2376 3245 desi-

355 3265 591 3332 dero?
636 3265 862 3350 inquit.
950 3264 1376 3349 Xenocrates,
1436 3288 1581 3332 cum
1625 3267 1828 3354 legati
1873 3269 1955 3333 ab
1999 3267 2372 3333 Alexandro
2407 3292 2462 3332 35

355 3354 824 3437 quinquaginta
869 3353 929 3417 ei
973 3353 1217 3417 talenta
1261 3353 1660 3438 attulissent,
1706 3377 1870 3441 quae
1911 3358 2052 3420 erat
2093 3355 2374 3439 pecunia

352 3441 754 3522 temporibus
789 3439 952 3524 illis,
986 3438 1261 3503 Athenis
1296 3442 1700 3528 praesertim,
1745 3464 2064 3526 maxuma,
2099 3442 2376 3508 abduxit
