2609 3884
341 120 471 186 338
731 116 1329 173 TUSCULANARUM
1364 115 1971 172 DISPUTATIONUM

340 284 518 365 runt,
585 279 753 345 verti
811 279 1010 344 etiam
1068 278 1274 343 multa
1334 278 1411 342 de
1472 275 1769 361 Graecis,
1836 298 1919 342 ne
1983 299 2111 361 quo
2180 298 2370 343 orna·

339 373 559 434 mento
587 369 654 432 in
679 369 805 432 hoc
831 387 1063 453 genere
1101 366 1557 450 disputationis
1587 369 1835 431 careret
1860 363 2097 430 Latina
2134 367 2370 432 oratio.

233 471 303 520 27
343 456 467 523 Sed
511 456 800 539 videsne,
846 458 1073 539 poetae
1119 454 1272 539 quid
1306 455 1462 518 mali
1499 453 1841 518 adferant?
1913 453 2368 519 Lamentantis

341 546 654 611 inducunt
705 544 1098 610 fortissimos
1153 543 1355 626 viros,
1416 542 1721 606 molliunt
1774 542 2027 607 animos
2086 544 2371 624 nostros,

340 635 435 698 ita
491 636 644 700 sunt
696 631 924 696 deinde
977 631 1222 716 dulces,
1271 633 1351 695 ut
1400 652 1533 694 non
1595 630 1897 715 legantur
1958 629 2189 714 modo,
2255 630 2369 695 sed
2394 653 2419 694 5

342 722 538 786 etiam
584 721 970 785 ediscantur.
1047 717 1154 784 Sic
1199 718 1281 783 ad
1327 718 1567 782 malam
1614 718 2035 783 domesticam
2080 717 2369 802 discipli-

339 831 495 874 nam
553 809 878 892 vitamque
942 807 1356 872 umbratilem
1416 811 1481 870 et
1538 806 1885 870 delicatam
1946 827 2090 870 cum
2154 827 2367 872 acces·

341 900 568 962 serunt
630 897 828 960 etiam
891 898 1148 979 poetae,
1209 916 1442 960 nervos
1499 895 1710 960 omnis
1764 893 2024 959 virtutis
2096 894 2369 959 elidunt.

338 985 540 1050 Recte
584 984 784 1069 igitur
829 1005 870 1047 a
902 981 1178 1048 Platone
1222 983 1544 1047 eiciuntur
1588 1003 1665 1046 ex
1710 1003 1788 1046 ea
1834 981 2120 1066 civitate,
2168 1003 2367 1066 quam

339 1073 530 1136 finxit
563 1071 695 1154 ille,
733 1091 876 1136 cum
915 1071 1196 1154 optimos
1235 1092 1445 1135 mores
1483 1073 1549 1135 et
1583 1071 1905 1154 optimum
1932 1070 2028 1134 rei
2062 1071 2367 1153 publicae
2395 1095 2447 1134 ιο

342 1163 587 1224 statum
615 1158 993 1243 exquireret.
1047 1157 1141 1222 At
1165 1180 1321 1224 vero
1348 1181 1489 1243 nos,
1520 1157 1694 1224 docti
1722 1158 1975 1223 scilicet
2002 1179 2041 1222 a
2069 1157 2367 1242 Graecia,

339 1247 499 1311 haec
528 1268 568 1310 a
591 1247 872 1330 pueritia
907 1246 1186 1330 legimus
1225 1249 1292 1311 et
1328 1246 1692 1331 ediscimus,
1726 1245 1898 1311 hanc
1936 1245 2372 1311 eruditionem

239 1393 321 1457 12
339 1333 678 1399 liberalem
725 1338 789 1437 et
834 1334 1216 1440 doctrinam·
1239 1336 1559 1435 putamus.
1756 1422 1769 1436 .
1921 1422 1935 1436 ·
2205 1421 2219 1435 .
2335 1423 2351 1437 .

243 1471 313 1521 2⁸
339 1420 2371 1596 1012133Sph‘}¹‚²¹?.v{351¹²²3un²{?{fflssmulffssffiffm3533?ss
2397 1536 2449 1576 1.

340 1599 642 1664 dicerent.
729 1597 823 1663 At
867 1602 967 1683 tu,
1021 1598 1425 1681 adulescens,
1480 1620 1625 1662 cum
1679 1598 1746 1663 id
1789 1599 1911 1662 tibi
1965 1598 2162 1682 paulo
2210 1601 2369 1662 ante

340 1687 611 1752 dixisses
666 1687 894 1770 videri,
957 1689 1225 1771 rogatus
1282 1708 1323 1750 a
1378 1707 1507 1769 me,
1560 1687 1838 1750 etiamne
1893 1687 2103 1750 maius
2170 1707 2372 1770 quam

341 1775 640 1858 dedecus,
683 1774 881 1839 verbo
927 1773 1006 1839 de
1043 1773 1367 1839 sententia
1409 1773 1736 1838 destitisti.
1806 1773 1994 1858 Roga
2028 1773 2153 1838 hoc
2190 1774 2372 1839 idem

337 1861 720 1946 Epicurum3
756 1863 963 1927 maius
999 1861 1169 1926 dicet
1203 1883 1345 1927 esse
1374 1862 1618 1928 malum
1646 1861 2034 1926 mediocrem
2071 1860 2371 1926 dolorem

341 1972 536 2034 quam
571 1971 943 2015 maxumum
988 1949 1290 2034 dedecus3
1340 1951 1411 2014 in
1454 1950 1599 2034 ipso
1638 1950 1809 2015 enim
1854 1948 2163 2016 dedecore
2205 1951 2369 2014 mali
2398 1978 2451 2016 20

337 2036 508 2101 nihil
565 2058 728 2120 esse,
783 2037 909 2102 nisi
963 2041 1315 2122 sequantur
1368 2037 1639 2104 dolores.
1739 2037 1895 2114 Quis
1956 2038 2162 2122 igitur
2205 2037 2367 2122 Epi·

340 2145 565 2189 curum
603 2125 890 2208 sequitur
926 2123 1139 2208 dolor,
1185 2146 1332 2189 cum
1376 2125 1516 2190 hoc.
1546 2126 1761 2210 ipsum
1806 2124 1991 2209 dicit,
2037 2146 2367 2192 summum

337 2211 586 2277 malum
640 2232 782 2276 esse
837 2211 1168 2277 dolorem?
1247 2233 1374 2297 quo
1438 2212 1709 2280 dedecus
1773 2214 1979 2277 maius
2046 2235 2087 2277 a
2147 2213 2368 2298 philo-

340 2298 547 2382 sopho
592 2299 842 2363 nullum
886 2302 1175 2384 expecto.
1249 2300 1461 2376 Quare
1504 2302 1662 2366 satis
1698 2301 1861 2365 mihi
1908 2301 2168 2385 dedisti,
2216 2323 2368 2367 cum

337 2387 730 2471 respondisti
764 2387 972 2452 maius
1018 2388 1142 2453 tibi
1175 2388 1382 2453 videri
1426 2391 1668 2454 malum
1706 2389 1975 2454 dedecus
2015 2411 2211 2473 quam
2256 2390 2367 2456 do·
2396 2415 2447 2458 25

337 2477 559 2542 lorem.
648 2474 793 2542 Hoc
837 2477 1054 2560 ipsum
1101 2475 1274 2540 enim
1320 2477 1376 2540 si
1421 2477 1701 2561 tenebiS,
1752 2477 2119 2561 intelleges,
2166 2499 2368 2561 quam

340 2565 428 2630 sit
463 2563 911 2630 obsistendum
945 2563 1182 2649 dolori3
1218 2585 1335 2629 nec
1370 2568 1509 2629 tam
1546 2564 1979 2650 quaerendum
2019 2569 2137 2648 est,
2174 2567 2369 2632 dolor

337 2653 664 2804 1fnalugme
737 2652 850 2738 sit,
922 2675 1116 2738 quam
1179 2653 1531 2718 firmandus
1604 2653 1856 2718 animus
1926 2652 2007 2718 ad
2070 2652 2368 2719 dolorem

373 2761 522 2804 eren
566 2763 692 2804 um.

231 2847 301 2898 29
476 2825 882 2893 Concludunt
923 2830 1321 2895 ratiunculas
1360 2827 1589 2914 Stoici,
1634 2851 1746 2894 cur
1778 2851 1910 2896 non
1956 2829 2045 2895 sit
2086 2831 2364 2916 malum3
2394 2856 2446 2896 30

339 2914 525 2998 quasi
559 2914 637 2979 de
675 2916 890 3000 verbo,
934 2938 1067 2982 non
1103 2917 1181 2982 de
1217 2939 1286 2982 re
1323 2919 1672 2982 laboretur.
1750 2916 1920 2993 Quid
1956 2939 2059 2982 me
2097 2918 2365 3002 decipis,

339 3000 557 3066 Zeno?
637 3001 811 3068 Nam
855 3023 999 3067 cum
1043 3003 1146 3088 id,
1190 3005 1362 3089 quod
1406 3006 1569 3070 mihi
1612 3005 1926 3070 horribile
1968 3006 2242 3090 videtur,
2286 3010 2364 3072 tu

339 3089 599 3155 omnino
645 3089 890 3154 malum
932 3111 1134 3176 negas
1183 3114 1353 3177 esse,
1398 3095 1618 3179 capior
1663 3097 1729 3158 et
1765 3094 1925 3159 scire
1968 3095 2155 3178 cupio
2165 3144 2183 3178 ,
2232 3116 2362 3178 quo

336 3177 530 3242 modo
575 3177 666 3257 id,
713 3178 882 3262 quod
919 3199 1038 3263 ego
1077 3179 1511 3246 miserrimum
1552 3181 1946 3266 existimem,
1988 3204 2070 3247 ne
2112 3182 2362 3247 malum

339 3264 594 3348 quidem
651 3264 753 3330 sit.
853 3264 1072 3332 ‘Nihil
1128 3267 1288 3352 est’,
1340 3270 1579 3354 inquit,
1635 3269 1938 3354 ‘malum,
2000 3270 2132 3335 nisi
2187 3270 2360 3354 quod
2387 3295 2436 3336 35

336 3355 524 3436 turpe
580 3355 774 3437 atque
829 3355 1138 3420 vitiosum
1192 3355 1332 3421 est?
1422 3357 1528 3422 Ad
1579 3359 1857 3442 ineptias
1906 3358 2097 3422 rediS.
2185 3356 2359 3423 Illud

340 3439 538 3524 enim,
592 3441 763 3524 quod
816 3464 919 3506 me
976 3444 1281 3528 angebat,
1338 3461 1471 3509 non
1526 3446 1771 3511 eximis.
1876 3443 2023 3513 Scio
2067 3445 2359 3511 dolorem
