2609 3884
2200 3 2583 13 --q—--------—-—-

680 203 947 260 LIB.1V
1006 204 1161 259 GAP.
1200 210 1348 262 36-
1359 211 1446 261 se.
1500 211 1532 272 5
1570 212 1812 263 ἰτ-83.
2126 208 2260 274 423

232 365 418 452 quid,
474 366 535 432 ei
590 368 745 431 sunt
788 366 1124 432 constituti
1178 367 1363 450 quasi
1405 367 1580 432 mala
1621 366 1990 432 valetudine
2041 369 2262 455 animi,

236 455 562 520 sanabiles
606 457 854 539 tamen,
898 456 976 518 ut
1020 451 1320 519 Socrates
1362 453 1616 520 dicitur.
1717 453 1880 521 Cum
1929 457 2138 522 multa
2189 458 2260 522 in

230 545 561 608 conventu
621 541 786 607 vitia
848 525 1244 627 conlegisset
1306 542 1378 608 in
1441 564 1586 607 eum
1642 541 1964 628 Zopyrus,
2018 545 2130 629 qui
2189 567 2258 610 se

234 633 539 696 naturam
606 630 914 715 cuiusque
970 651 1050 695 ex
1110 629 1326 695 forma
1387 632 1752 715 perspicere
1815 632 2260 718 profitebatur,

176 743 208 784 5
236 718 485 785 derisus
540 721 643 784 est
697 740 737 782 a
790 719 1051 802 ceteris,
1105 719 1217 802 qui
1270 719 1390 783 illa
1450 719 1522 783 in
1584 717 1850 786 Socrate
1911 721 2072 786 vitia
2127 743 2260 787 non

232 806 951 979 312323331331..5b..¹3
956 809 1235 959 ἱέιιῖῗξ
1236 828 1303 959 ¹²3
1341 804 2063 963 Jemffsscssuffiissssssff
2076 830 2254 982 ἑῖἒὲ,
2294 911 2358 960 81

232 987 310 1048 ut
365 987 631 1068 optuma
686 983 956 1067 quisque
1007 983 1374 1047 valetudine
1431 983 1718 1048 adfectus
1776 988 1994 1068 potest
2053 985 2259 1051 videri

231 1073 469 1136 natura
532 1071 615 1136 ad
677 1070 961 1156 aliquem
1024 1070 1326 1135 morbum
1402 1072 1774 1156 proclivior,
1848 1073 1941 1138 sic
2003 1073 2257 1138 animus

151 1185 208 1224 ιο
234 1159 399 1224 alius
438 1160 519 1224 ad
557 1159 689 1223 alia
724 1158 886 1224 vitia
928 1159 1328 1243 propensior.
1393 1159 1518 1235 Qui
1564 1164 1784 1225 autem
1827 1182 1964 1226 non
2005 1164 2257 1245 natura,

233 1246 349 1313 sed
394 1247 586 1330 culpa
628 1247 850 1312 vitiosi
892 1267 1033 1312 esse
1078 1246 1407 1332 dicuntur,
1461 1268 1684 1313 eorum
1742 1248 1908 1314 vitia
1956 1253 2260 1314 constant

109 1346 119 1353 '
233 1357 268 1399 e
320 1334 509 1400 falsis
566 1334 978 1419 opinionibus
1033 1354 1249 1399 rerum
1302 1335 1619 1399 bonarum
1673 1338 1740 1400 et
1781 1336 2130 1422 malarum,
2183 1341 2259 1403 ut

232 1423 321 1488 sit
368 1423 534 1487 alius
583 1423 665 1488 ad
711 1423 875 1488 alios
922 1425 1137 1487 motus
1191 1422 1841 1525 perturbationesque
1891 1425 2258 1508 proclivior.

229 1510 625 1576 Inveteratio
665 1514 909 1596 autem,
952 1510 1083 1575 ut
1061 1532 1132 1574 m
1168 1510 1572 1595 corporibuS,
1619 1511 1876 1596 aegrius
1914 1511 2258 1597 depellitur

151 1623 205 1665 15
232 1621 428 1684 quam
453 1599 881 1694 perturbatio,
916 1597 1236 1684 citiusque
1261 1598 1641 1682 repentinus
1667 1599 2004 1664 oculorum
2039 1603 2257 1665 tumor

231 1691 527 1771 sanatur,
576 1708 771 1771 quam
817 1686 1125 1751 diuturna
1168 1686 1491 1771 lippitudo
1539 1687 1900 1770 depellitur.
2274 1737 2359 1802 38

366 1772 490 1840 Sed
517 1776 781 1860 cognita
814 1775 947 1838 iam
974 1796 1172 1839 causa
1206 1774 1791 1876 perturbationum,
1827 1796 1992 1860 quae
2027 1797 2252 1840 omnes
2283 1815 2350 1865 82

230 1863 527 1928 oriuntur
588 1884 666 1927 ex
741 1862 995 1928 iudiciis
1059 1863 1441 1947 opinionum
1503 1865 1569 1926 et
1629 1862 2104 1944 voluntatibus,
2170 1863 2258 1928 sit

230 1951 365 2016 iam
402 1950 594 2015 huius
631 1949 1091 2034 disputationis
1128 1948 1375 2015 modus
1441 1947 1619 2015 Scire
1657 1954 1876 2015 autem
1909 1972 2030 2016 nos
2068 1972 2256 2034 opor-

154 2063 207 2104 πο
230 2041 337 2103 tet
367 2039 667 2124 cognitis,
707 2037 919 2123 quoad
954 2041 1230 2122 possunt
1265 2038 1348 2103 ab
1385 2037 1652 2102 homine
1689 2038 2022 2123 cognosci,
2057 2038 2255 2104 bono-

228 2149 374 2191 rum
422 2124 846 2193 etmalorum
889 2125 1125 2191 finibus
1170 2125 1337 2190 nihil
1375 2148 1414 2190 a
1453 2125 1871 2211 philosophia
1913 2148 2106 2211 posse
2144 2131 2259 2193 aut

230 2215 441 2280 maius
480 2218 594 2279 aut
624 2214 850 2280 utilius
888 2215 1105 2299 optari
1150 2235 1346 2298 quam
1390 2213 1577 2298 haec,
1622 2236 1786 2299 quae
1823 2236 1864 2279 a
1904 2214 2096 2280 nobis
2131 2215 2256 2282 hoc

230 2302 589 2388 quadriduo
618 2301 950 2386 disputata
978 2305 1147 2368 sunt.
1208 2301 1422 2367 Morte
1451 2302 1620 2366 enim
1649 2305 2020 2387 contempta
2047 2306 2115 2368 et
2146 2303 2256 2369 do-

228 2390 369 2457 lore
390 2390 473 2455 ad
490 2390 868 2475 patiendum
884 2391 1101 2456 levato
1124 2389 1536 2455 adiunximus
1556 2390 1956 2456 sedationem
1975 2391 2256 2476 aegritu-

150 2503 204 2543 25
230 2479 423 2558 dinis,
458 2500 589 2564 qua
619 2478 876 2544 nullum
910 2478 1160 2544 homini
1196 2479 1446 2543 malum
1477 2479 1690 2543 maius
1727 2481 1844 2545 est.
1895 2476 2047 2542 Etsi
2083 2479 2256 2545 enim

231 2565 445 2634 omnis
482 2567 686 2632 animi
729 2566 1135 2652 perturbatio
1173 2566 1395 2651 gravis
1431 2569 1531 2632 est
1563 2587 1685 2631 nec
1721 2567 1998 2630 multum
2041 2565 2256 2632 differt

231 2655 316 2720 ab
361 2656 676 2740 amentia,
718 2659 939 2721 tamen
982 2655 1137 2736 [ita]
1185 2657 1464 2739 eeteros,
1519 2675 1666 2719 cum
1711 2657 1862 2720 sunt
1905 2653 1986 2718 in
2035 2654 2256 2739 aliqua

228 2744 719 2828 perturbatione
765 2746 880 2808 aut
921 2745 1134 2811 metus
1181 2745 1296 2808 aut
1349 2741 1638 2807 laetitiae
1691 2745 1807 2808 aut
1860 2741 2256 2828 cupiditatis,

230 2835 592 2898 commotos
658 2831 853 2896 modo
913 2832 984 2894 et
1042 2830 1456 2914 perturbatos
1521 2829 1734 2895 dicere
1797 2830 2106 2915 solemus,
2184 2834 2256 2896 at

150 2943 204 2983 so
232 2941 374 3004 eos,
418 2919 531 3004 qui
576 2941 646 2984 se
690 2918 1079 3004 aegritudini
1123 2917 1531 3003 dediderunt,
1588 2917 1888 3002 miseros,
1944 2918 2254 3004 adflictos,

230 3029 675 3091 aerumnosOS,
720 3007 1151 3073 calamitosos.
1236 3005 1469 3090 Itaque
1512 3028 1647 3072 non
1689 3006 1962 3072 fortuito
2006 3007 2251 3072 factum
2288 3026 2356 3077 83

228 3094 507 3173 videtur,
554 3057 675 3160 sed
712 3117 754 3162 a
796 3099 865 3160 te
898 3095 1153 3160 ratione
1187 3095 1624 3180 propositum,
1667 3098 1744 3160 ut
1779 3095 2130 3179 separatim
2173 3094 2253 3160 de

226 3183 637 3269 aegritudine
665 3186 732 3248 et
757 3183 835 3249 de
862 3182 1093 3248 ceteris
1119 3145 1722 3266 perturbationibus
1751 3183 2250 3267 disputaremus3

226 3271 301 3336 in
337 3292 416 3335 ea
453 3275 553 3336 est
590 3271 759 3336 enim
794 3271 943 3336 fons
976 3271 1385 3335 miseriarum
1413 3274 1479 3335 et
1515 3273 1726 3355 caput.
1790 3267 1916 3335 Sed
1953 3273 2019 3334 et
2045 3269 2252 3355 aegri-

149 3384 201 3424 55
228 3357 472 3425 tudinis
530 3363 598 3424 et
650 3360 1046 3459 reliquorum
1110 3358 1314 3424 animi
1377 3358 1751 3424 morborum
1805 3379 1934 3422 una
1996 3356 2250 3422 sanatio

228 3449 358 3532 est,
423 3449 635 3513 omnis
683 3445 1049 3533 opinabilis
1112 3467 1254 3512 esse
1319 3449 1386 3510 et
1443 3446 1845 3512 voluntarios
1908 3466 1985 3509 ea
2057 3465 2252 3529 reque

228 3535 497 3621 suscipi,
543 3535 717 3621 quod
758 3536 855 3600 ita
886 3537 1137 3599 rectum
1174 3555 1314 3599 esse
1351 3533 1664 3600 videatur.
1733 3531 1926 3598 Hunc
1969 3553 2251 3598 errorem
