2609 3884
215 376 285 425 26

216 2402 285 2453 2⁷

193 3003 303 3083 ‚10

321 188 454 253 246
644 189 742 244 DE
779 187 1070 243 FINIBUS
1105 186 1467 244 BONORUM
1500 186 1597 243 ET
1632 185 2001 243 MALORUM

322 352 658 418 desideret.
760 351 972 429 Quare
1036 372 1184 416 cum
1244 349 1519 415 dicimus
1582 350 1881 415 omnibus
1945 349 2337 414 animalibus

323 445 680 506 extremum
743 460 884 505 esse
957 438 1304 504 secundum
1364 442 1667 503 naturam
1731 438 1972 523 vivere,
2038 459 2171 503 non
2240 438 2339 502 ita

322 528 764 613 accipiendum
815 531 942 613 est,
995 526 1185 611 quasi
1239 526 1528 591 dicamus
1583 547 1784 591 unum
1849 548 1989 591 esse
2048 526 2340 591 omnium

322 620 710 701 extremum,
765 615 878 680 sed
939 619 1015 681 ut
1068 616 1358 680 omnium
1412 615 1653 680 artium
1705 617 1879 679 recte
1935 614 2065 679 dici
2120 616 2342 699 potest

323 726 659 771 commune
704 724 871 788 esse,
917 706 994 769 ut
1033 703 1106 767 in
1149 702 1371 787 aliqua
1416 703 1687 768 scientia
1731 706 2093 787 versentur,
2138 702 2341 767 scien·
2368 732 2396 772 ⁵

320 794 485 858 tiam
545 796 763 863 autem
819 814 1003 857 suam
1057 790 1363 876 cuiusque
1410 791 1570 855 artis
1626 812 1796 876 esse,
1852 792 1947 857 sic
2003 811 2341 856 commune

322 880 699 947 animalium
759 880 1054 945 omnium
1116 879 1468 945 secundum
1538 883 1842 944 naturam
1911 879 2153 964 vivere,
2227 878 2340 944 sed

319 973 592 1035 naturas
653 990 796 1033 esse
857 968 1175 1053 diversas,
1236 971 1316 1032 ut
1376 966 1553 1032 aliud
1616 988 1779 1052 equo
1844 968 1931 1033 sit
1992 988 2027 1032 e
2086 970 2340 1052 natura,

323 1057 502 1123 aliud
538 1057 718 1140 bovi,
755 1056 932 1121 aliud
965 1055 1237 1141 homini,
1281 1059 1349 1120 et
1382 1059 1607 1120 tamen
1642 1056 1713 1120 in
1749 1055 2047 1121 omnibus
2086 1078 2341 1121 summa

321 1144 711 1223 communiS‚
765 1148 832 1209 et
883 1144 1143 1231 quidem
1195 1165 1330 1210 non
1372 1145 1585 1210 solum
1630 1144 1700 1209 in
1755 1143 2173 1229 animalibus,
2229 1144 2341 1210 sed
2370 1176 2423 1215 ιο

323 1233 522 1298 etiam
565 1233 637 1297 in
680 1233 874 1298 rebus
919 1233 1216 1298 omnibus
1269 1233 1381 1312 iis,
1434 1254 1595 1317 quas
1639 1235 1875 1298 natura
1928 1232 2072 1317 alit,
2128 1236 2340 1318 auget,

321 1325 567 1408 tuetur3
609 1322 678 1388 in
723 1322 956 1405 quibus
993 1321 1281 1386 videmus
1320 1342 1424 1406 ea,
1470 1342 1637 1405 quae
1680 1321 2043 1406 gignuntur
2076 1342 2111 1385 e
2147 1324 2342 1407 terra,

323 1411 532 1475 multa
584 1408 867 1493 quodam
919 1409 1113 1475 modo
1169 1409 1420 1475 efficere
1475 1409 1621 1494 ipsa
1684 1409 1811 1474 sibi
1864 1431 1982 1493 per
2028 1430 2123 1494 se,
2177 1430 2341 1494 quae

323 1498 406 1563 ad
457 1498 801 1563 vivendum
857 1497 1393 1583 crescendumque
1455 1498 1742 1581 valeant,
1800 1500 1875 1561 ut
1928 1520 2045 1564 suo
2106 1518 2341 1582 genere

320 1587 702 1671 perveniant
757 1585 841 1651 ad
895 1589 1278 1670 extremum3
1333 1589 1409 1650 ut
1460 1586 1593 1651 iam
1638 1586 1835 1651 liceat
1878 1607 2009 1651 una
2052 1608 2341 1671 compre-
2372 1618 2425 1658 ιε

320 1674 632 1743 honsione
687 1675 906 1741 omnia
957 1675 1303 1759 complecti
1356 1696 1489 1740 non
1541 1675 2073 1759 dubitantemque
2128 1675 2340 1740 dicere

323 1784 582 1829 omnem
635 1767 935 1828 naturam
991 1784 1133 1828 esse
1196 1762 1612 1829 servatricem
1676 1763 1776 1828 sui
1839 1763 2034 1849 idque
2094 1763 2340 1829 habere

321 1853 732 1937 propositum
777 1851 966 1936 quasi
1008 1850 1202 1916 finem
1249 1854 1317 1915 et
1359 1855 1745 1937 extremum,
1791 1873 1860 1916 se
1904 1856 1980 1917 ut
2016 1852 2343 1917 custodiat

323 1962 515 2025 quam
577 1941 647 2005 in
709 1940 956 2024 optimo
1021 1940 1123 2005 sui
1185 1940 1443 2026 generis
1506 1943 1711 2024 statu3
1780 1942 1855 2005 ut
1923 1961 2185 2005 necesse
2252 1942 2342 2005 sit

323 2028 615 2094 omnium
671 2048 914 2113 rerum,
977 2049 1142 2112 quae
1205 2031 1442 2093 natura
1501 2029 1793 2113 vigeant,
1857 2026 2135 2094 similem
2198 2050 2340 2093 esse
2368 2060 2426 2100 20

321 2116 544 2198 finem,
599 2136 737 2181 non
782 2117 1068 2181 eundem.
1157 2117 1259 2182 Ex
1314 2137 1440 2201 quo
1495 2117 1791 2203 intellegi
1845 2117 2038 2181 debet
2089 2117 2342 2183 homini

323 2204 388 2269 id
435 2224 575 2269 esse
617 2203 688 2267 in
730 2204 920 2270 bonis
963 2205 1293 2290 ultimum,
1348 2206 1700 2270 secundum
1751 2208 2054 2271 naturam
2106 2206 2343 2291 vivere,

324 2292 496 2376 quod
557 2291 652 2356 ita
712 2291 1237 2378 interpretemur:
1313 2293 1530 2358 vivere
1598 2314 1678 2358 ex
1747 2294 2031 2359 hominis
2104 2297 2342 2359 natura

323 2380 605 2464 undiquc
675 2380 962 2464 perfecta
1034 2386 1100 2447 et
1159 2381 1328 2447 nihil
1400 2382 1785 2466 requirente.
1896 2382 2075 2447 Haec
2137 2383 2343 2469 igitur

321 2468 513 2535 nobis
550 2469 930 2552 explicanda
965 2473 1131 2553 sunt,
1169 2470 1280 2537 sed
1319 2470 1378 2535 si
1413 2470 1768 2556 enodatius„
1811 2492 1929 2537 vos
1965 2471 2339 2557 ignoscetis.
2368 2501 2425 2542 85

321 2556 534 2623 Huius
572 2557 742 2622 enim
791 2558 990 2624 aetati
1025 2579 1196 2623 nunc
1240 2559 1402 2623 haec
1445 2559 1729 2643 primum
1763 2558 2039 2624 fortasse
2076 2559 2340 2624 audien-

320 2645 410 2711 tis
473 2646 714 2711 servire
774 2645 1101 2712 debemus.
1205 2644 1311 2712 Ita
1370 2668 1664 2732 prorsus,
1725 2647 2017 2733 inquam3
2080 2648 2204 2713 etsi
2261 2669 2340 2712 ea

321 2734 605 2819 quidem,
651 2755 811 2818 quae
849 2734 1058 2800 adhuc
1094 2734 1343 2820 dixisti,
1389 2736 1683 2820 quamvis
1720 2736 1803 2802 ad
1840 2739 2119 2802 aetatem
2161 2740 2340 2801 recte

321 2824 450 2886 isto
495 2821 690 2887 modo
735 2822 1112 2889 dicerentur.

452 2996 773 3082 Exposita
831 2997 1060 3083 igitur,
1121 3000 1361 3086 inquit,
1430 3002 1889 3068 terminatione
1950 3023 2167 3067 rerum
2229 3023 2339 3067 ex·
2370 3032 2428 3072 ao

320 3086 767 3171 petendarum,
813 3107 924 3151 cur
968 3087 1098 3153 ista
1134 3110 1202 3154 se
1237 3112 1343 3154 res
1386 3090 1485 3155 ita
1528 3089 1794 3175 habeat,
1839 3094 1916 3155 ut
1953 3090 2114 3174 dixi,
2158 3090 2341 3157 dein-

321 3195 472 3258 ceps
537 3175 1103 3241 demonstrandum
1169 3181 1284 3243 est.
1395 3178 1604 3254 Quam
1664 3180 1747 3245 ob
1810 3200 1947 3244 rem
2009 3178 2343 3244 ordiamur

321 3263 402 3327 ab
442 3284 546 3347 eo,
590 3263 760 3348 quod
797 3264 1078 3346 primum
1114 3266 1329 3350 posui,
1376 3267 1548 3350 quod
1583 3267 1755 3331 idem
1791 3288 2019 3351 reapse
2055 3268 2339 3351 primum

321 3352 447 3433 est,
491 3354 568 3415 ut
611 3352 1071 3436 intellegamus
1118 3375 1306 3419 omne
1363 3354 1606 3420 animal
1659 3379 1727 3422 se
1780 3357 1993 3440 ipsum
2053 3355 2339 3441 diligere.

321 3436 506 3513 Quod
567 3460 954 3525 quamquam
1009 3440 1480 3508 dubitationem
1531 3465 1664 3509 non
1721 3445 1922 3511 habet
1980 3441 2111 3528 (est
2162 3445 2339 3510 enim
2366 3471 2425 3512 35

318 3525 585 3591 infixum
628 3528 698 3593 in
742 3529 888 3612 ipsa
930 3532 1168 3593 natura
1212 3532 1888 3617 comprehenditurque
1940 3532 2077 3598 suis
2131 3533 2341 3598 cuius-
