2609 3884
243 824 310 875 57

241 2538 322 2600 21

239 2616 308 2665 58

349 118 480 181 260
669 119 767 173 DE
805 118 1094 174 FINIBUS
1129 118 1489 173 BONORUM
1522 119 1617 173 ΕΤ
1654 117 2020 175 MALORUM

348 302 706 345 sermonem
771 281 1052 365 aliquem
1114 281 1464 365 requirere,
1538 302 1807 364 cumque
1869 302 2000 345 non
2073 280 2353 347 habeant

346 368 657 453 ingenuas
721 391 798 433 ex
864 369 1157 434 doctrina
1217 368 1679 434 oblectationes
1688 420 1706 453 ,
1769 369 2043 435 circulos
2108 370 2352 454 aliquos

349 461 414 520 et
467 456 896 522 sessiunculas
953 457 1329 522 consectari.
1426 456 1597 533 Quin
1649 478 1731 520 ne
1790 457 2039 522 bestiae
2084 457 2354 542 quidem,

348 566 508 627 quas
563 544 1010 610 delectationis
1066 567 1261 610 causa
1316 544 1779 629 concludimus,
1833 567 1979 609 cum
2033 545 2353 628 copiosius

349 634 627 716 alantur,
672 654 864 717 quam
915 633 970 697 si
1016 636 1230 697 essent
1274 632 1543 717 liberae,
1596 632 1787 697 facile
1837 634 2173 717 patiuntur
2218 654 2353 698 sese
2381 660 2407 701 5

349 720 664 785 contineri
721 724 1062 806 motusque
1126 721 1372 786 solutos
1438 724 1504 784 et
1565 741 1767 806 vagos
1834 743 1875 785 a
1935 724 2169 785 natura
2229 722 2356 786 sibi
2564 751 2566 843 Α

350 810 632 873 tributos
687 810 1038 893 requirunt.
1136 807 1381 909 Itaque·
1419 812 1493 873 ut
1545 809 1812 893 quisque
1868 808 2114 893 optime
2166 811 2355 873 natus

345 897 808 980 institutusque
855 901 980 980 est,
1024 918 1165 963 esse
1206 896 1470 962 omnino
1515 896 1739 962 nolit
1718 918 1789 960 111
1821 896 1985 982 vita,
2032 896 2090 961 si
2136 917 2356 981 geren-

346 981 444 1049 dis
497 985 776 1069 negotiis
835 986 1100 1050 orbatus
1152 985 1362 1070 possit
1412 984 1845 1069 paratissimis
1905 984 2079 1051 vesci
2137 985 2355 1067 volup-

343 1073 608 1138 tatibus
677 1071 845 1137 Nam
886 1076 1000 1137 aut
1041 1074 1351 1157 privatim
1388 1072 1629 1157 aliquid
1673 1093 1893 1159 gerere
1934 1073 2190 1138 malunt
2226 1076 2356 1156 aut,
2386 1101 2437 1139 ιο

345 1160 458 1244 qui
505 1160 733 1224 altiore
781 1160 995 1226 animo
1042 1165 1218 1244 sunt,
1271 1165 1619 1245 capessunt
1669 1182 1811 1226 rem
1866 1161 2194 1245 publicam
2242 1160 2355 1225 ho-

347 1247 614 1312 noribus
651 1248 1065 1333 imperiisque
1101 1249 1527 1331 adipiscendis
1558 1252 1671 1313 aut
1705 1252 1881 1314 totos
1920 1270 1987 1313 se
2022 1247 2105 1313 ad
2142 1248 2358 1313 studia

347 1336 678 1400 doctrinae
725 1336 1095 1419 conferunt3
1141 1358 1268 1420 qua
1311 1337 1382 1400 in
1421 1338 1559 1401 vita
1602 1338 1857 1401 tantum
1901 1337 2090 1401 abest
2133 1340 2205 1401 ut
2248 1359 2357 1402 vo-

346 1424 632 1507 luptates
713 1427 1208 1508 consectentur,·
1284 1425 1481 1488 etiam
1571 1446 1792 1507 curaS,
1873 1424 2358 1507 sollicitudineS,

347 1512 604 1596 vigilias
661 1512 994 1596 perferunt
1047 1513 1416 1596 optimaque
1469 1516 1661 1596 parte
1707 1512 2019 1591 hominiS,
2072 1533 2236 1613 quae
2288 1514 2359 1577 in
2388 1540 2440 1579 15
2568 1582 2570 1585 Α

344 1600 534 1664 nobis
609 1600 826 1665 divina
895 1599 1184 1664 ducenda
1257 1604 1381 1683 est,
1454 1599 1698 1684 ingenii
1772 1606 1837 1665 et
1906 1600 2140 1665 mentis
2220 1600 2358 1665 acie
2568 1600 2570 1603 ⁴

343 1687 646 1752 fruuntur
720 1709 839 1752 nec
910 1688 1311 1771 voluptatem
1380 1688 1777 1771 requirentes
1846 1709 1966 1752 nec
2034 1688 2359 1771 fugientes

345 1775 663 1859 laborem3
745 1797 864 1841 nec
943 1798 1096 1840 vero
1177 1776 1613 1840 intermittunt
1680 1779 1796 1840 aut
1866 1775 2361 1840 admirationem

347 1885 566 1928 earum
629 1885 870 1947 rerum,
933 1885 1095 1947 quae
1161 1866 1314 1927 sunt
1378 1862 1459 1927 ab
1525 1863 1805 1946 antiquis
1866 1866 2185 1948 repertae,
2245 1868 2365 1928 aut

345 1952 915 2037 investigationem
951 1973 1295 2034 novarum3
1344 1972 1471 2034 quo
1511 1950 1723 2015 studio
1769 1971 1915 2015 cum
1951 1951 2179 2015 satiari
2223 1973 2363 2017 non
2392 1980 2447 2018 20
2572 1972 2574 1977 ·

345 2039 628 2123 possint,
701 2040 993 2104 omnium
1061 2042 1420 2103 ceterarum
1489 2059 1706 2103 rerum
1769 2038 1957 2102 obliti
2015 2038 2184 2102 nihil
2247 2039 2362 2104 ab·
2572 2044 2574 2053 '

347 2128 611 2204 iectum,
665 2126 829 2190 nihil
887 2126 1130 2190 humile
1185 2127 1501 2211 cogitant3
1555 2129 1862 2210 tantaque
1918 2129 2018 2189 est
2071 2126 2170 2191 vis
2216 2127 2365 2211 tali-

345 2215 467 2279 bus
522 2216 592 2277 in
653 2214 912 2297 studiis,
971 2216 1046 2278 ut
1104 2236 1213 2279 eos
1273 2213 1499 2299 etiam,
1559 2215 1669 2299 qui
1728 2213 1853 2278 sibi
1908 2212 2072 2278 alios
2126 2236 2363 2297 propo-

347 2306 613 2367 suerunt
664 2301 828 2366 fines
887 2301 1229 2385 bonorum,
1286 2322 1447 2386 quos
1503 2302 1787 2367 utilitate
1848 2304 1961 2366 aut
2022 2301 2365 2384 voluptate

345 2390 676 2474 derigunt,
737 2394 956 2454 tamen
1016 2390 1089 2453 in
1140 2389 1335 2454 rebus
1395 2389 1772 2474 quaerendis
1837 2389 2364 2474 explicandisque
2396 2418 2451 2457 25

347 2479 594 2543 naturis
643 2482 888 2543 aetates
936 2482 1266 2542 conterere
1311 2477 1658 2542 videamus·

477 2566 656 2651 Ergo
711 2566 836 2632 hoc
892 2566 1150 2651 quidem
1205 2568 1500 2649 apparet,
1556 2586 1677 2629 nos
1724 2564 1805 2629 ad
1851 2563 2172 2649 agendum
2216 2587 2367 2630 esse

345 2657 554 2719 natos„
625 2655 977 2719 Actionum
1015 2656 1231 2719 autem
1275 2674 1528 2752 genera
1557 2653 1769 2737 plura,
1815 2656 1890 2717 ut
1936 2653 2367 2718 obscurentur

344 2744 543 2807 etiam
603 2743 958 2807 maioribus
1017 2742 1295 2818 minora,
1359 2739 1678 2804 maximae
1742 2742 1959 2804 autem
2018 2744 2171 2805 sunt
2230 2742 2369 2823 pri-

345 2851 550 2912 mum,
606 2834 680 2893 ut
734 2829 896 2894 mihi
949 2830 1206 2913 quidem
1258 2828 1511 2892 videtur
1564 2830 1631 2891 et
1688 2827 1801 2911 iis,
1862 2848 2135 2911 quorum
2188 2849 2369 2893 nunc
2401 2856 2459 2896 80

345 2918 413 2981 in
469 2916 724 2980 ratione
778 2938 1135 3000 versamur,
1189 2916 1619 2980 consideratio
1675 2915 2086 3000 cognitioque
2144 2936 2371 2981 rerum

347 3004 724 3069 caelestium
789 3008 854 3067 et
917 3026 1164 3086 earum,
1235 3025 1395 3087 quas
1467 3024 1506 3067 a
1575 3006 1809 3067 natura
1875 3002 2225 3067 occultatas
2296 3008 2373 3068 et

347 3093 623 3157 latentes
688 3090 996 3175 indagare
1059 3091 1225 3155 ratio
1289 3093 1532 3175 potest,
1597 3090 1821 3154 deinde
1878 3111 2093 3155 rerum
2146 3091 2375 3175 publi-

348 3201 568 3245 carum
623 3178 1094 3243 administratio
1150 3181 1264 3241 aut
1320 3178 1812 3242 administrandi
1865 3178 2162 3261 scientia,
2219 3182 2371 3243 tum

348 3267 627 3351 prudens
637 3316 655 3349 ,
726 3267 1108 3348 temperata,
1178 3265 1397 3348 fortiS,
1468 3266 1643 3329 iusta
1704 3266 1875 3329 ratio
1948 3266 2369 3350 reliquaeque
2404 3292 2461 3333 35

347 3355 621 3419 virtutes
671 3355 736 3417 et
781 3353 1065 3417 actiones
1110 3352 1459 3416 virtutibus
1518 3357 1941 3437 congruentes
1950 3405 1968 3438 ,
2022 3375 2184 3438 quae
2229 3376 2370 3420 uno

348 3441 543 3506 verbo
591 3440 908 3525 complexi
954 3440 1168 3504 omnia
1221 3440 1553 3505 honesta
1597 3440 1896 3526 dicimus;
1955 3441 2036 3506 ad
2089 3464 2373 3526 quorum
