2609 3884
198 101 206 108 ’
318 121 449 187 458
714 120 1312 176 TUSCULANARUM
1345 119 1954 177 DISPUTATIONUM

234 267 560 374 Q,
606 282 756 367 quia
801 282 987 348 dolor
1032 282 1142 361 sit,
1189 303 1443 366 semper
1484 302 1623 347 esse
1667 279 2071 366 fugiendum3
2119 281 2352 367 itaque

319 372 442 437 hac
496 392 763 436 usurum
818 371 1344 454 compensatione
1407 370 1792 454 sapientem,
1855 373 1930 434 ut
1989 371 2054 436 et
2110 370 2348 454 volup-

317 462 523 525 tatem
566 457 807 543 fugiat,
853 458 911 523 si
956 479 1033 523 ea
1077 459 1390 524 maiorem
1436 458 1724 524 dolorem
1769 457 2076 522 effectura
2121 458 2229 542 sit,
2275 461 2348 522 et

317 548 607 614 dolorem
682 545 1001 629 suscipiat
1071 546 1380 612 maiorem
1457 545 1844 611 efficientem
1915 546 2343 646 voluptatem,

317 635 661 720 omniaque
706 633 1010 718 iucunda,
1056 655 1443 720 quamquam
1480 655 1673 699 sensu
1721 633 2008 717 corporis
2052 633 2342 700 iudicen·
2369 657 2394 698 5

214 743 281 792 96
316 727 451 807 tur,
497 723 579 788 ad
623 722 912 788 animum
957 721 1184 788 referri
1227 725 1464 788 tamen.
1539 721 1856 798 Quocirca
1898 742 2133 804 corpus
2177 742 2340 806 gau-

318 812 465 877 dere
518 814 656 875 tam
712 809 849 894 diu,
912 805 1095 875 dum
1127 812 1531 912 praesentem
1587 809 1856 874 sentiret
1915 809 2339 894 voluptatem,

318 899 605 965 animum
652 901 718 962 et
760 901 1164 982 praesentem
1208 899 1538 983 percipere
1582 897 1828 981 pariter
1873 918 2020 963 cum
2065 917 2338 980 corpore

318 991 386 1052 et
427 986 793 1070 prospicere
839 983 1204 1051 venientem
1247 1007 1368 1052 nec
1410 985 1828 1070 praeteritam
1882 985 2336 1068 praeterfluere

318 1075 545 1140 sinere.
641 1072 748 1138 Ita
798 1076 1143 1156 perpetuas
1200 1078 1265 1139 et
1310 1077 1642 1140 contextas
1694 1071 2068 1156 voluptates
2124 1072 2192 1138 in
2238 1094 2336 1137 sa-
2365 1097 2418 1138 ιο

316 1163 530 1246 piente
575 1159 715 1225 fore
762 1180 1041 1245 semper,
1086 1183 1232 1228 cum
1269 1161 1630 1246 expectatio
1669 1165 2073 1246 speratarum
2106 1160 2333 1244 volup-

215 1313 301 1379 34
316 1252 527 1314 tatum
570 1267 710 1314 cum
719 1253 1201 1401 hperceptarum
1243 1251 1555 1316 memoria
1599 1250 1990 1334 iungeretur.
2022 1335 2057 1399 f

218 1391 279 1441 »τ
319 1335 2335 1528 9111119111ξὲ1111111111511,161111

315 1535 518 1599 parvo
556 1513 735 1579 cultu
768 1517 1002 1580 natura
1039 1518 1344 1580 contenta
1380 1513 1486 1580 sit.
1553 1512 1818 1580 Etenim
1855 1510 2000 1595 quis
2043 1512 2169 1578 1106
2201 1533 2334 1577 11011
2365 1537 2416 1578 5
2529 1605 2540 1614 .
2595 1541 2597 1616 Ξ

318 1602 520 1684 videt,
567 1599 899 1667 desideriis
947 1601 1168 1668 omnia
1210 1603 1344 1668 ista
1387 1601 1679 1668 condiri?
1777 1599 2018 1664 Darius
2063 1599 2134 1665 in
2177 1599 2335 1686 fuga

318 1710 465 1755 cum
520 1709 755 1772 aquam
808 1690 1137 1756 turbidam
1193 1694 1260 1756 et
1313 1689 1732 1755 cadaveribus
1785 1687 2191 1772 inquinatam
2236 1689 2336 1752 bi-

318 1777 548 1861 bisset,
600 1775 867 1860 negavit
918 1799 1223 1862 umquam
1270 1799 1338 1844 se
1396 1777 1642 1843 bibisse
1685 1775 2043 1844 iucundius.
2130 1774 2334 1842 Num-

320 1884 513 1950 quam
565 1863 866 1933 videlicet
927 1865 1152 1933 sitiens
1204 1865 1478 1932 biberat.
1575 1865 1713 1932 Nec
1767 1865 2055 1930 esuriens
2111 1863 2334 1929 Ptolo·

318 1973 539 2018 maeus
587 1951 833 2040 ederat3
887 1953 991 2020 cui
1035 1976 1180 2021 cum
1232 1952 1609 2039 peragranti
1651 1951 2027 2038 Aegyptum
2082 1951 2333 2016 comiti·
2361 1979 2414 2018 πο

317 2042 440 2106 bus
485 2061 621 2106 non
664 2042 1025 2107 consecutis
1061 2042 1342 2108 cibarius
1387 2043 1458 2107 in
1492 2063 1644 2107 casa
1686 2040 1874 2125 panis
1921 2040 2108 2105 datus
2147 2042 2335 2121 esset,

316 2127 486 2194 1111111
529 2127 743 2192 visum
788 2132 888 2194 est
931 2129 1047 2195 illo
1090 2151 1258 2213 pane
1302 2128 1656 2196 iucundius.
1747 2125 2056 2194 Socraten
2100 2124 2335 2228 ferunt,

320 2236 465 2280 cum
509 2234 711 2296 usque
758 2215 840 2280 ad
882 2237 1223 2299 vesperum
1258 2217 1626 2282 contentius
1679 2215 2041 2284 ambularet
2084 2215 2334 2300 quaesi-

319 2306 587 2388 tumque
633 2307 806 2369 esset
850 2324 926 2368 ex
973 2323 1078 2387 ec,
1121 2323 1320 2387 quare
1365 2303 1432 2368 id
1476 2304 1744 2389 faceret,
1793 2303 2202 2388 respondisse
2247 2323 2335 2385 se,

212 2418 281 2468 98
321 2412 444 2476 quo
474 2388 706 2455 melius
734 2393 1009 2474 cenaret,
1036 2389 1352 2458 obsonare
1381 2392 1770 2458 ambulando
1799 2392 2053 2457 famem.
2122 2388 2334 2467 Quid?
2363 2414 2413 2456 25

318 2481 564 2546 victum
598 2475 1257 2546 Lacedaemoniorum
1300 2479 1372 2546 in
1414 2480 1694 2564 philitiis
1738 2501 1952 2548 nonne
1996 2475 2335 2545 videmus?

317 2566 451 2634 Ubi
506 2588 651 2633 cum
705 2572 1019 2652 tyrannus
1082 2568 1442 2634 cenavisset
1493 2568 1879 2653 Dionysius,
1937 2566 2204 2653 negavit
2264 2587 2335 2631 se

315 2655 456 2720 iure
509 2655 628 2720 illo
680 2657 893 2742 nigrm
955 2655 1125 2740 quod
1184 2676 1378 2722 cenae
1442 2659 1636 2740 caput
1697 2660 1864 2739 erat,
1928 2655 2334 2720 delectatum.

317 2741 481 2807 Tum
526 2743 615 2826 is,
671 2745 782 2828 qui
834 2744 953 2809 illa
997 2748 1282 2809 coxerat:
1344 2743 1684 2809 Minime
1730 2744 2030 2826 mirum3
2075 2741 2332 2808 condi-

319 2831 573 2894 menta
617 2832 812 2896 enim
858 2829 1311 2898 defuerunt?
1416 2829 1652 2908 ‘Quae
1697 2829 2076 2896 tandem?
2121 2828 2412 2913 inquitas

317 2916 449 2982 ille.
530 2913 810 2984 Labor
852 2919 935 2986 in
979 2924 1288 3003 venatu,
1335 2919 1590 3003 sudor,
1637 2940 1905 2986 cursus
1953 2917 2045 2985 ad
2087 2916 2336 2984 Euro-

316 3007 499 3089 tam,
568 3002 837 3089 fameS,
900 3007 1099 3074 sitis.
1204 3006 1348 3072 His
1413 3007 1609 3072 enim
1671 3007 1900 3073 rebus
1963 3004 2338 3072 Lacedae-

318 3091 742 3158 moniorum
780 3093 1051 3176 epulae
1089 3093 1600 3161 condiuntur?
1676 3093 1894 3181 Atqm
1929 3093 2053 3160 hoc
2088 3114 2222 3158 non
2258 3113 2338 3158 ex

315 3180 654 3247 hominum
706 3201 886 3246 more
940 3181 1177 3265 solum,
1232 3183 1343 3248 sed
1389 3183 1588 3249 etiam
1633 3203 1713 3248 ex
1768 3181 1996 3249 bestiis
2041 3180 2337 3266 intellegi

315 3272 564 3353 potest,
610 3289 774 3353 quae
782 3317 801 3351 ,
845 3271 921 3332 ut
965 3266 1267 3350 quicquid
1308 3269 1632 3336 obiectum
1669 3273 1797 3356 est,
1841 3269 2011 3355 quod
2055 3268 2248 3334 modo
2295 3290 2337 3333 a
2365 3291 2418 3332 35

317 3359 550 3420 natura
604 3377 736 3421 non
791 3354 879 3419 sit
936 3353 1246 3438 alienum,
1302 3377 1380 3422 eo
1436 3360 1775 3423 contentae
1829 3379 1964 3424 non
2017 3358 2339 3440 quaerunt

211 3459 279 3506 99
319 3441 615 3523 amplius.
714 3439 1027 3507 Civitates
1085 3441 1400 3525 quaedam
1465 3444 1803 3510 universae
1864 3465 2045 3508 more
2101 3442 2338 3508 doctae
