2609 3884
629 186 767 242 ΗΒ.
804 187 846 242 1.
903 185 1058 242 OAP.
1095 193 1341 242 31—33.
1400 193 1429 254 ς
1470 191 1712 245 76—81.
2060 189 2189 253 309

294 354 390 413 M.
437 347 613 413 Bene
666 348 1109 434 reprehendis,
1165 352 1229 414 et
1286 370 1354 414 se
1408 350 1537 414 isto
1583 350 1772 416 modo
1818 371 1923 414 res
1972 350 2189 416 habet.

155 435 521 502 Credamus
568 435 769 523 igitur
813 436 1127 502 Panaetio
1174 460 1214 502 a
1253 436 1531 503 Platone
1577 460 1694 503 suo
1740 437 2187 504 dissentienti?
2229 443 2295 493 ⁷9

155 525 373 602 Quem
419 525 594 591 enim
640 525 941 590 omnibus
987 526 1149 592 locis
1191 525 1511 606 divinum,
1556 548 1747 610 quem
1792 527 2189 610 sapientissi-

155 636 372 697 mum,
437 634 628 696 quem
702 614 1209 697 sanctissimum,
1287 635 1479 698 quem
1550 613 1908 680 Homerum
1978 614 2190 699 philo·

106 726 130 767 ε
157 701 520 786 sophorum
577 701 893 786 appellat,
945 702 1136 767 huius
1192 701 1363 768 hanc
1416 724 1611 768 unam
1666 703 2051 768 sententiam
2111 703 2188 768 de

157 789 642 856 inmortalitate
724 790 1089 856 animorum
1159 812 1296 856 non
1372 791 1625 874 probat.
1754 790 1917 856 Volt
1999 791 2189 870 enim,

158 877 338 963 quod
383 899 575 945 nemo
619 882 848 963 negat,
895 878 1198 963 quicquid
1240 881 1467 944 natum
1515 879 1629 964 sit,
1672 879 1962 963 interire3
2006 880 2189 944 nasci

157 970 386 1032 autem
442 966 724 1051 animos,
783 967 954 1051 quod
1008 967 1304 1040 declaret,
1344 988 1564 1033 eorum
1626 967 2012 1050 similitudo,
2076 968 2189 1052 qui

155 1058 614 1139 procreentur,
677 1076 840 1138 quae
905 1055 1104 1119 etiam
1164 1055 1235 1118 in
1297 1056 1601 1141 ingeniiS,
1663 1078 1796 1121 non
1850 1055 2062 1121 solum
2119 1056 2190 1120 in

81 1169 130 1207 ιο
156 1143 546 1226 corporibus
593 1146 921 1227 appareat.
999 1144 1292 1211 Alteram
1338 1146 1555 1208 autem
1601 1143 1810 1209 adfert
1851 1144 2190 1229 rationem,

155 1230 329 1296 nihil
379 1252 548 1315 esse,
594 1231 767 1316 quod
814 1231 1057 1315 doleat,
1117 1231 1275 1314 quin
1319 1229 1388 1294 id
1434 1251 1700 1316 aegrum
1748 1253 1888 1297 esse
1935 1254 2189 1316 quoque

157 1319 402 1403 possit3
450 1319 620 1402 quod
657 1322 875 1384 autem
921 1320 990 1384 in
1025 1318 1326 1384 morbum
1363 1319 1577 1400 cadat,
1622 1320 1689 1383 id
1732 1320 1927 1384 etiam
1972 1320 2189 1386 interi-

159 1412 408 1493 turum3
484 1407 700 1472 dolere
764 1411 983 1472 autem
1057 1408 1334 1489 animOS,
1407 1427 1562 1490 ergo
1637 1407 1837 1472 etiam
1907 1408 2294 1520 interire.·33

159 1494 345 1561 Haec
399 1495 608 1559 refelli
662 1498 964 1580 possunt3
1024 1499 1174 1559 sunt
1228 1495 1401 1560 enim
1454 1496 1849 1578 ignorantis,
1906 1517 2051 1560 cum
2110 1497 2187 1562 de
2224 1533 2294 1582 80

83 1607 135 1648 15
164 1584 552 1648 aeternitate
617 1584 979 1648 animorum
1043 1583 1321 1668 dicatur,
1384 1582 1461 1646 de
1523 1586 1740 1646 mente
1806 1583 1956 1667 dici,
2024 1605 2189 1666 quae

164 1672 342 1735 omni
407 1666 670 1736 turbido
734 1675 918 1737 motu
983 1693 1234 1755 semper
1285 1673 1497 1748 vacet,
1559 1692 1693 1735 non
1755 1670 1832 1735 de
1890 1672 2187 1754 partibus

162 1759 274 1843 iis,
328 1759 402 1824 in
456 1759 686 1842 quibus
735 1759 1170 1845 aegritudines
1178 1810 1197 1844 ,
1257 1759 1392 1824 irae
1448 1757 1877 1844 libidinesque
1930 1780 2187 1825 versen-

161 1850 295 1932 tur,
350 1868 512 1931 quas
565 1847 649 1932 is,
707 1851 932 1912 contra
977 1869 1168 1931 quem
1211 1846 1372 1911 haec
1426 1847 1751 1931 dicuntur,
1810 1849 2092 1913 semotas
2148 1869 2189 1914 a

163 1938 380 1999 mente
439 1938 506 2000 et
544 1934 874 2002 disclusas
928 1939 1134 2020 putat.
1221 1933 1365 2000 Iam
1412 1935 1767 2000 similitudo
1818 1935 2030 2020 magis
2078 1958 2188 2020 ap-

12 2013 17 2048 ·'
87 2048 138 2087 κο
163 2026 352 2106 paret
395 2023 467 2088 in
509 2023 763 2108 bestiis,
810 2046 1081 2109 quarum
1117 2023 1320 2088 animi
1357 2026 1511 2088 sunt
1544 2023 1818 2088 rationis
1866 2027 2189 2108 expertes3

163 2111 504 2176 horfiinum
549 2115 765 2176 autem
812 2111 1169 2176 similitudo
1216 2112 1287 2175 in
1334 2132 1675 2195 corporum
1720 2112 1930 2196 figura
1972 2113 2187 2198 magis

163 2202 407 2284 exstat,
463 2201 529 2263 et
581 2199 709 2285 ipsi
766 2200 965 2264 animi
1020 2202 1243 2284 magni
1294 2199 1497 2264 refert
1559 2200 1737 2283 quali
1790 2201 1859 2265 in
1918 2222 2188 2285 corpore

161 2287 362 2354 locati
425 2287 573 2354 sint.
678 2286 892 2352 Multa
955 2289 1130 2352 enim
1193 2309 1227 2352 e
1292 2309 1559 2370 corpore
1629 2289 1919 2353 existunt
1934 2340 1953 2371 ,
2024 2311 2187 2373 quae

12 2437 14 2444 .
164 2377 404 2440 acuant
446 2379 756 2460 mentem,
810 2377 1046 2460 multa,
1101 2397 1263 2460 quae
1320 2375 1698 2459 obtundant.
1794 2378 2187 2442 Aristoteles

29 2481 44 2496 ·
89 2487 136 2528 25
163 2463 428 2547 quidem
483 2465 579 2528 ait
632 2464 842 2529 omnis
895 2464 1273 2550 ingeniosos
1328 2464 1827 2529 melancholicos
1883 2486 2051 2547 esse,
2112 2469 2189 2530 ut

161 2571 284 2636 ego
335 2572 442 2616 me
487 2552 840 2617 tardiorem
878 2573 1018 2618 esse
1053 2573 1185 2617 non
1221 2551 1495 2617 moleste
1540 2551 1761 2616 feram.
1832 2552 2189 2617 Enumerat

159 2640 438 2724 multos,
491 2639 684 2724 idque
739 2641 924 2725 quasi
978 2643 1256 2724 constet,
1319 2641 1667 2724 rationem,
1732 2662 1845 2705 cur
1896 2640 1993 2704 ita
2053 2640 2190 2725 fiat,

161 2727 392 2792 adfert.
492 2726 738 2803 Quodsi
788 2732 976 2794 tanta
1029 2729 1130 2793 vis
1185 2731 1286 2794 est
1339 2727 1420 2792 ad
1478 2727 1774 2793 habitum
1827 2728 2064 2792 mentis
2118 2728 2189 2793 in

160 2817 240 2880 iis
250 2867 270 2901 ,
321 2837 488 2900 quae
532 2816 889 2903 gignuntur
932 2816 1002 2881 in
1047 2837 1315 2900 corpore
1362 2812 1469 2902 (ea
1516 2819 1669 2880 sunt
1704 2819 1948 2901 autem,
1996 2838 2188 2902 quae-

88 2928 134 2970 so
159 2925 434 2988 cumque
473 2908 640 2989 sunt,
677 2926 842 2989 quae
869 2904 1361 2970 similitudinem
1396 2902 1686 2989 faciant),
1720 2904 1888 2969 nihil
1915 2906 2189 2970 necessi·

157 2994 317 3058 tatis
368 2991 605 3074 adfert,
651 3014 764 3058 cur
806 2996 1158 3059 nascantur
1203 2992 1429 3076 animi,
1476 2992 1846 3059 similitudo.
1935 2991 2205 3059 Omitto·
2221 3012 2289 3062 81

159 3079 739 3147 dissimilitudines.
801 3080 1055 3146 Vellem
1093 3081 1316 3146 adesse
1352 3084 1577 3165 posset
1606 3080 1958 3164 Panaetius
1998 3077 2191 3167 (vixit

161 3191 308 3234 cum
346 3167 714 3256 Africano);
752 3191 1127 3254 quaererem
1166 3188 1243 3233 ex
1279 3190 1386 3250 eo,
1431 3169 1613 3234 cuius
1654 3191 1916 3256 suorum
1954 3169 2185 3234 similis

158 3257 390 3323 fuisset
444 3256 738 3322 Africani
789 3257 1012 3323 fratris
1065 3277 1297 3341 nepos,
1350 3256 1519 3321 facie
1585 3257 1687 3322 vel
1746 3257 1957 3341 patris
1966 3306 1985 3340 ,
2047 3257 2187 3321 vita

94 3367 136 3408 ³5
162 3345 452 3412 omnium
496 3346 896 3430 perditorum
929 3346 1025 3411 ita
1062 3344 1322 3428 similis,
1368 3348 1442 3409 ut
1478 3350 1653 3410 esset
1692 3344 1885 3409 facile
1923 3344 2186 3408 deterri-

160 3456 328 3519 mus3
387 3432 570 3499 cuius
625 3436 824 3500 etiam
879 3432 1108 3499 similis
1172 3431 1242 3497 P.
1298 3429 1548 3517 Crassi,
1613 3435 1679 3497 et
1744 3431 2056 3514 sapientis
2122 3435 2189 3495 et

161 3521 518 3609 eloquentis
601 3526 668 3588 et
742 3522 940 3608 primi
1018 3519 1335 3602 hominis,
1414 3541 1619 3605 nepos
1704 3519 2186 3600 multorumque

17 3155 38 3201 t
