2609 3884
230 155 533 212 TUSCUL.
564 155 945 213 DISPUTAT.
1002 157 1138 213 LIB.
1164 158 1259 215 IV.
1306 158 1473 214 ARG.
1529 159 1681 215 CAP.
1713 168 1760 217 1.
1816 167 1846 228 5
1887 169 2058 220 1-3,
2123 165 2248 229 391

232 315 375 370 nihil
411 314 614 383 animi,
656 314 803 370 nihil
840 316 1037 384 officii,
1084 317 1225 372 nihil
1261 317 1574 374 honestatis
1610 322 1755 389 (cap.
1792 327 1888 390 2⁷,
1923 323 2032 391 28).
2102 325 2253 379 Reli·

234 386 699 527 gssssetfflfgssassg
710 429 771 496 ,—
775 403 893 526 3133
922 387 1092 443 modo
1130 390 1398 457 quattuor
1445 389 1558 444 ista
1593 407 1800 460 genera
1835 392 2088 448 tollenda
2125 395 2252 466 sint,

367 670 531 737 Oum
566 673 791 738 multis
834 674 995 740 locis
1030 679 1405 742 nostrorum
1450 677 1783 743 hominum
1825 679 2089 766 ingenia
2123 683 2250 747 vir-

231 765 561 849 tutesque,
621 762 849 848 Brute,
913 764 1091 830 soleo
1166 765 1414 850 mirari,
1484 770 1625 832 tum
1697 769 1972 834 maxime
2036 770 2104 836 in
2167 771 2248 835 iis

233 851 469 916 studiis
477 901 496 936 ,
560 873 723 936 quae
796 874 939 918 sero
1006 852 1348 918 admodum
1412 857 1699 939 expetita
1752 857 1823 922 in
1875 857 2044 923 hanc
2102 860 2250 924 civi-

229 943 439 1004 tatem
494 961 528 1004 e
585 939 853 1005 Graecia
914 944 1402 1009 transtulerunt.
1500 942 1673 1009 Nam
1727 967 1872 1010 cum
1939 970 1978 1011 a
2038 947 2249 1031 primo

174 1054 207 1095 5
232 1029 413 1093 urbis
490 1031 638 1094 ortu
708 1031 905 1115 regiis
977 1031 1326 1112 institutis,
1408 1033 1646 1116 partim
1719 1035 1915 1100 etiam
1995 1036 2248 1121 legibus

232 1115 550 1202 auspicia,
594 1118 1046 1198 caerimoniae,
1094 1120 1383 1203 comitia,
1427 1122 1947 1206 provocationes,
1990 1128 2252 1207 patrum

230 1205 601 1292 consilium,
654 1207 946 1293 equitum
1019 1208 1432 1292 peditumque
1505 1209 1868 1295 discriptio,
1938 1215 2078 1276 tota
2147 1234 2250 1278 res

226 1295 538 1360 militaris
602 1295 910 1360 divinitus
975 1299 1150 1360 esset
1212 1297 1591 1380 constituta,
1666 1301 1807 1362 tum
1879 1301 2249 1384 progressio

228 1383 635 1448 admirabilis
680 1384 1206 1467 incredibilisque
1252 1406 1476 1449 cursus
1524 1384 1606 1448 ad
1643 1407 1901 1450 omnem
1937 1388 2250 1452 excellen-

147 1498 201 1536 10
226 1473 392 1536 tiam
446 1470 659 1536 factus
716 1476 816 1537 est
870 1473 1205 1537 dominatu
1269 1473 1451 1556 regio
1505 1494 1575 1536 re
1635 1474 1898 1556 publica
1955 1475 2249 1540 liberata.

226 1559 367 1625 Nec
421 1581 574 1625 vero
628 1559 737 1624 hic
790 1561 971 1626 100113
1027 1564 1153 1644 est,
1206 1564 1281 1626 ut
1335 1560 1412 1624 de
1462 1561 1748 1626 moribus
1803 1562 2248 1646 institutisque

228 1647 555 1713 maiorum
614 1651 681 1712 et
742 1648 1088 1732 disciplina
1154 1670 1228 1714 ac
1290 1649 1758 1731 temperatione
1813 1649 2097 1714 civitatis
2155 1651 2249 1715 10-

228 1758 531 1821 quamur;
585 1736 729 1800 aliis
788 1737 949 1801 haec
995 1737 1157 1801 locis
1205 1737 1365 1800 satis
1414 1744 1706 1801 accurate
1754 1759 1793 1801 a
1835 1737 2026 1803 nobis
2074 1738 2248 1803 dicta

228 1829 385 1889 sunt
429 1824 833 1908 maximeque
875 1825 947 1889 in
990 1825 1069 1889 iis
1118 1847 1228 1888 sex
1272 1825 1486 1908 libris,
1542 1846 1699 1907 quos
1747 1825 1823 1890 de
1867 1847 1937 1890 re
1983 1827 2247 1909 publica

146 1939 200 1979 15
228 1913 630 1996 scripsimus.
699 1911 844 1978 Hoc
889 1917 1107 1977 autem
1151 1913 1296 1978 loco
1344 1912 1779 1978 consideranti
1824 1913 1986 1977 mihi
2033 1915 2248 1978 studia

226 2002 561 2066 doctrinae
604 2001 814 2065 multa
858 2021 1014 2066 sane
1062 2005 1434 2082 occurrunt,
1478 2022 1591 2065 cur
1631 2023 1711 2066 ea
1753 2022 2004 2085 quoque
2041 2024 2246 2067 arces-

228 2090 361 2154 sita
406 2087 661 2154 aliunde
705 2110 913 2172 neque
952 2089 1164 2152 solum
1209 2089 1523 2172 expetita,
1579 2089 1690 2154 sed
1751 2089 1949 2154 etiam
1996 2111 2246 2155 conser-

225 2181 384 2242 vata
440 2180 506 2242 et
559 2178 733 2241 culta
794 2176 1151 2242 videantur.
1251 2176 1421 2242 Erat
1482 2177 1656 2241 enim
1717 2177 1849 2242 illis
1912 2200 2115 2262 paene
2178 2179 2248 2243 in

226 2267 578 2348 conspectu
638 2265 1000 2348 praestanti
1062 2265 1381 2349 sapientia
1453 2268 1527 2329 et'
1587 2265 1934 2340 nobilitate
2003 2266 2246 2350 Pytha-

147 2369 200 2419 ἕο
228 2375 454 2438 goras,
517 2353 630 2436 qui
694 2352 822 2417 fuit
874 2353 944 2416 in
996 2351 1195 2418 Italia
1246 2353 1648 2437 temporibus
1718 2353 1950 2438 isdem,
2013 2355 2246 2438 quibus

225 2441 299 2506 L.
345 2440 588 2505 Brutus
631 2441 910 2524 patriam
954 2440 1284 2524 liberavit,
1330 2441 1696 2525 praeclarus
1741 2445 1968 2506 auctor
2010 2441 2245 2506 nobili-

225 2531 385 2595 tatis
448 2532 616 2594 tuae.
722 2528 1138 2614 Pythagorae
1202 2532 1422 2593 autem
1485 2529 1780 2594 doctrina
1842 2550 1989 2593 cum
2053 2529 2246 2612 longe

224 2619 483 2702 lateque
535 2617 789 2701 flueret,
856 2618 1338 2701 permanavisse
1402 2616 1564 2680 mihi
1626 2617 1882 2681 videtur
1944 2617 2014 2680 in
2075 2616 2245 2681 hanc

227 2707 579 2789 civitatem,
642 2706 833 2789 idque
897 2727 1042 2770 cum
1098 2706 1468 2771 coniectura
1519 2705 1857 2788 probabile
1917 2707 2042 2787 est,
2105 2707 2246 2769 tum

147 2819 200 2859 25
227 2794 611 2879 quibusdam
665 2794 863 2857 etiam
917 2794 1210 2878 vestigiis
1256 2792 1594 2858 indicatur.
1685 2791 1842 2868 Quis
1902 2793 2076 2856 enim
2128 2797 2246 2876 est,

228 2884 339 2967 qui
392 2885 606 2966 putet,
660 2902 806 2945 cum
858 2882 1120 2947 floreret
1172 2883 1242 2946 in
1294 2881 1492 2945 Italia
1547 2878 1818 2945 Graecia
1869 2881 2245 2964 potentissi-

226 2971 349 3035 mis
396 2974 465 3034 et
509 2970 809 3034 maximis
854 2970 1147 3052 11111111113,
1194 2991 1271 3034 00
1317 2991 1482 3053 01100
1519 2989 1759 3053 magna
1802 2967 1976 3034 dicta
2013 2973 2130 3051 est,
2175 2969 2245 3034 in

224 3059 433 3142 iisque
468 3057 749 3141 primum
784 3057 991 3141 ipsius
1019 3057 1455 3142 Pythagorae,
1490 3057 1717 3120 deinde
1751 3061 1982 3140 postea
2006 3055 2243 3139 Pytha-

226 3166 572 3230 goreorum
634 3149 889 3210 tantum
942 3166 1180 3210 nomen
1234 3149 1431 3228 esset,
1487 3148 1856 3209 nostrorum
1910 3144 2244 3208 hominum

146 3258 200 3298 so
227 3234 311 3299 ad
375 3255 597 3299 eorum
672 3233 1078 3298 doctissimas
1155 3254 1346 3297 voces
1413 3253 1600 3297 aures
1673 3233 1926 3296 clausas
1997 3231 2243 3294 fuisse?

228 3321 397 3397 Quin
453 3322 653 3386 etiam
706 3322 987 3386 arbitror
1038 3324 1303 3404 propter
1357 3320 1915 3404 Pythagoreorum
1971 3318 2242 3382 admira·
2280 3339 2312 3386 3

224 3411 469 3475 tionem
506 3408 791 3474 Numam
827 3430 1081 3493 quoque
1116 3429 1338 3491 regem
1375 3408 1863 3492 Pythagoreum
1901 3427 1940 3469 a
1974 3405 2243 3489 posteri-

224 3499 446 3562 oribus
475 3498 938 3562 existimatum.
998 3494 1171 3560 Nam
1208 3517 1352 3560 cum
1380 3495 1794 3578 Pythagorae
1831 3491 2243 3576 disciplinam
