2609 3884
362 205 402 270 6
801 202 1387 258 ACADEMICORUM
1420 201 1939 259 POSTERIORUM

361 370 561 452 negat
585 365 904 468 Epicurus
932 384 996 431 se
1023 365 1166 429 sine
1199 365 1646 448 voluptatibus
1676 387 1936 431 sensum
1968 366 2380 432 moventibus

358 477 440 520 ne
469 454 782 538 suspicari
813 451 1111 538 qwidem);
1149 453 1206 518 si
1231 475 1383 518 vero
1411 451 1833 518 Academiam
1858 456 2144 519 veterem
2170 475 2383 538 perse-

361 565 657 628 quamur,
711 563 904 626 quam
956 563 1106 625 nos,
1157 545 1234 606 ut
1286 541 1437 624 sciS,
1491 541 1872 626 probamus,
1935 563 2127 626 quam
2192 545 2385 606 erunt

359 632 479 697 illa
506 633 692 696 acute
719 628 1102 714 explicanda
1125 629 1343 694 nobis!
1380 652 1574 713 quam
1604 633 1850 715 argute,
1888 652 2085 714 quam
2110 630 2384 694 obscure
2502 639 2509 644 ’

363 721 560 784 etiam
598 721 826 784 contra
839 717 1116 788 dStoicos
1161 717 1633 784 disserendum!
1706 717 1943 783 Totum
1979 719 2182 802 igitur
2216 717 2383 783 illud
2411 743 2437 782 5

362 807 813 892 philosophiae
870 805 1155 871 studium
1207 805 1372 870 mihi
1426 806 1683 890 quidem
1736 807 1877 890 ipse
1931 827 2116 871 sumo
2178 809 2245 870 et
2302 806 2386 870 ad

361 897 534 961 vitae
589 895 1054 978 constantiam,
1119 896 1431 978 quantum
1483 916 1773 979 possum,
1834 897 1901 959 et
1964 894 2045 959 ad
2107 893 2385 959 delecta-

361 985 609 1050 tionem
663 983 864 1048 animi
913 1003 1036 1048 nec
1084 982 1290 1046 ullum
1338 981 1645 1066 arbitror,
1697 987 1773 1048 ut
1829 982 2000 1067 apud
2042 981 2386 1048 Platonem

365 1075 489 1155 est,
544 1071 754 1137 maius
811 1075 925 1136 aut
976 1068 1207 1136 melius
1264 1092 1304 1134 a
1367 1069 1467 1135 dis
1532 1069 1755 1136 datum
1816 1092 2051 1136 munus
2115 1070 2385 1135 homini.

294 1174 328 1223 8
366 1158 490 1225 Sed
525 1181 703 1225 meos
741 1161 1008 1243 amicos,
1052 1159 1123 1224 in
1167 1158 1403 1242 quibus
1440 1160 1541 1223 est
1582 1159 1893 1243 studium,
1938 1160 2007 1224 in
2044 1157 2384 1224 Graeciam
2416 1186 2471 1224 ιο

365 1249 555 1313 mitto
604 1248 699 1328 [id
744 1251 844 1312 est
889 1247 968 1312 ad
1010 1245 1290 1311 Graecos
1336 1246 1429 1310 ire
1473 1246 1725 1330 iubeo],
1768 1251 1845 1311 ut
1889 1269 1965 1312 ea
2008 1268 2044 1310 e
2088 1247 2385 1312 fontibus

364 1337 582 1420 potius
616 1334 924 1400 hauriant
961 1355 1156 1419 quam
1183 1334 1431 1399 rivulos
1458 1338 1937 1418 consectentur3
1975 1355 2137 1420 quae
2166 1338 2387 1400 autem

364 1445 557 1490 nemo
623 1423 832 1489 adhuc
894 1423 1200 1488 docuerat
1261 1444 1380 1488 nec
1443 1426 1582 1488 erat
1642 1423 1810 1488 unde
1882 1422 2155 1488 studiosi
2219 1423 2385 1488 scire

366 1514 654 1597 possent,
715 1533 820 1595 ea,
881 1513 1194 1595 quantum
1257 1511 1444 1594 potui
1506 1507 1699 1596 (nihil
1762 1512 1935 1576 enim
1986 1531 2385 1595 magnopere

367 1622 659 1666 meorum
693 1596 948 1682 miror),
991 1598 1119 1664 feci
1153 1601 1230 1663 ut
1273 1601 1489 1663 essent
1530 1602 1690 1664 nota
1728 1599 1998 1682 nostris3
2044 1621 2084 1664 a
2120 1597 2383 1664 Graecis
2414 1624 2467 1664 ιε

369 1689 541 1754 enim
576 1689 714 1772 peti
739 1709 873 1752 non
903 1689 1209 1770 poterant
1242 1707 1321 1752 ac
1356 1689 1508 1771 post
1532 1685 1602 1750 L.
1632 1685 1802 1751 Aelii
1835 1687 2048 1752 nostri
2082 1708 2387 1752 occasum

365 1798 448 1842 ne
514 1800 553 1842 a
613 1775 864 1841 Latinis
929 1774 1202 1859 quidem.
1309 1773 1401 1838 Et
1459 1777 1683 1838 tamen
1744 1775 1816 1839 in
1868 1775 2001 1840 illis
2053 1775 2385 1840 veteribus

367 1865 639 1948 nostris,
711 1885 876 1947 quae
946 1861 1329 1946 Menippum
1389 1861 1657 1946 imitati,
1736 1884 1873 1928 non
1956 1864 2387 1947 interpretati,

369 1952 646 2036 quadam
706 1949 1038 2015 hilaritate
1102 1949 1575 2034 conspersimus
1585 2001 1603 2034 ,
1666 1950 1875 2016 multa
1945 1951 2235 2015 admixta
2306 1973 2387 2016 ex

367 2039 604 2103 intima
646 2037 1092 2122 philosophia,
1143 2037 1355 2102 multa
1408 2036 1579 2102 dicta
1633 2037 1987 2122 dialectice3
2049 2061 2213 2123 quae
2258 2061 2385 2123 quo
2416 2063 2468 2103 20

367 2126 624 2191 facilius
670 2125 882 2190 minus
929 2125 1106 2190 docti
1141 2126 1620 2210 intellegerent,
1664 2125 2059 2191 iucunditate
2107 2127 2389 2210 quadam

371 2215 450 2279 ad
486 2213 834 2298 legendum
869 2213 1166 2278 invitati.
1188 2264 1202 2279 .
1223 2238 1264 2298 ,ς
1311 2213 1381 2278 in
1425 2214 1935 2298 laudationibus„
1979 2214 2049 2278 in
2083 2213 2185 2278 his
2222 2215 2386 2298 ipsis

371 2302 832 2386 antiquitatum
849 2301 1198 2385 prooemiis
1217 2305 1262 2383 †
1279 2301 1687 2386 philosophie
1745 2303 2024 2367 scribere
2048 2301 2391 2387 voluimuS,

373 2391 430 2455 si
474 2390 667 2455 modo
713 2390 1044 2455 consecuti
1088 2412 1329 2455 sumuS.
2446 2467 2453 2470 ,

501 2479 670 2544 Tum
714 2498 862 2563 ego:
925 2476 1122 2562 Sunt,
1177 2479 1477 2563 inquam,
1528 2478 1689 2562 ista,
1730 2477 1962 2543 Van-0.
2049 2476 2221 2542 Nam
2265 2499 2387 2544 nos
2417 2503 2475 2544 25

372 2568 442 2632 in
465 2571 692 2633 nostra
717 2566 877 2632 urbe
905 2567 1378 2651 peregrinantis
1398 2567 1798 2650 errantisque
1813 2568 2149 2650 tamquam
2167 2565 2390 2650 hospi-

371 2660 469 2721 tes
522 2655 621 2720 tui
681 2656 834 2720 libri
897 2656 1083 2739 quasi
1136 2655 1397 2719 domum
1452 2654 1866 2737 reduxerunt,
1922 2657 1997 2718 ut
2048 2675 2389 2737 possemus

373 2742 746 2826 aliquandO,
783 2743 894 2827 qui
929 2745 996 2807 et
1029 2743 1144 2806 ubi
1179 2764 1486 2826 essemuS,
1532 2763 1897 2826 agnoscere.
1969 2741 2069 2806 Tu
2104 2744 2390 2807 aetatem

369 2831 648 2914 patriae,
690 2832 765 2894 tu
811 2829 1260 2913 discriptiones
1301 2834 1693 2912 temporum,
1736 2833 1811 2893 tu
1858 2850 2185 2894 sacrorum
2228 2831 2391 2915 iura,

370 2923 444 2983 tu
500 2916 931 3000 sacerdotum,
982 2920 1054 2980 tu
1109 2915 1553 2999 domesticam,
1615 2920 1691 2980 tu
1741 2917 2039 2982 bellicam
2103 2916 2389 3001 discipli·
2417 2943 2475 2984 30

369 3028 550 3088 nam,
593 3009 668 3070 tu
713 3004 929 3070 sedem
971 3003 1341 3088 regionum,
1394 3004 1713 3087 locorum,
1764 3008 1842 3069 tu
1888 3006 2173 3070 omnium
2228 3006 2390 3070 divi-

369 3115 602 3159 narum
635 3093 1186 3176 humanarumque
1229 3113 1447 3156 rerum
1490 3093 1781 3174 nomina,
1837 3113 2100 3178 genera,
2156 3093 2390 3179 officia,

373 3203 599 3247 causas
673 3179 989 3264 aperuisti
1065 3179 1541 3264 plurimumque
1610 3180 1782 3246 idem
1859 3182 2072 3265 poetis
2143 3183 2390 3248 nostris

369 3271 760 3372 omninoque
795 3267 1044 3333 Latinis
1083 3271 1149 3332 et
1181 3268 1419 3334 litteris
1456 3268 1721 3334 luminis
1758 3272 1825 3333 et
1858 3269 2071 3335 verbis
2108 3269 2392 3336 attulisti

300 2449 343 2576 ἓ

370 3361 568 3442 atque
603 3358 742 3442 ipse
779 3356 1030 3422 varium
1067 3360 1132 3421 et
1169 3358 1430 3443 elegans
1469 3357 1644 3423 omni
1684 3355 1819 3421 fere
1854 3379 2121 3422 numero
2156 3363 2389 3441 poema
2416 3383 2474 3423 35
2593 3359 2594 3366 '

370 3446 584 3511 fecisti
626 3446 1233 3547 philosophiamque
1276 3444 1501 3510 multis
1547 3445 1706 3509 locis
1750 3443 2099 3529 inchoasti,
2146 3445 2228 3510 ad
2271 3447 2391 3511 im—

269 3553 336 3603 1ο
373 3534 741 3619 pellendum
779 3533 957 3613 satis,
995 3534 1075 3598 ad
1111 3532 1505 3598 edocendum
1536 3553 1785 3618 parum.
1855 3495 2135 3596 Causam
2172 3537 2391 3599 autem
