2609 3884
759 161 900 218 ΜΒ.
935 162 1004 221 11.
1062 161 1217 218 CAP.
1257 168 1429 218 1-3.
1484 168 1515 229 ς
1556 169 1727 218 1—6.
2128 161 2253 226 123

214 320 674 407 quibusdam
652 305 724 388 ιιι
759 324 1060 389 formulis
1098 340 1191 388 EA
1227 340 1357 389 RES
1394 342 1697 403 AGETUR,
1745 327 1843 407 ut,
1888 323 2058 388 inter
2094 344 2253 407 quos

215 410 596 495 disseritur,
656 413 1020 494 conveniat,
1075 412 1230 497 quid
1286 413 1375 477 sit
1426 412 1519 497 id,
1573 414 1651 478 de
1711 433 1836 496 quo
1884 411 2254 476 disseratur.

213 496 375 564 Hoc
419 500 707 584 positum
753 500 824 565 in
857 499 1150 566 Phaedro
1199 522 1238 565 a
1277 499 1551 566 Platone
1596 500 1901 584 probavit
1932 498 2253 584 Epicurus

220 587 561 672 sensitque
606 588 680 653 in
726 587 903 653 omni
948 578 1388 673 disputatione
1433 588 1502 653 id
1544 589 1684 653 fieri
1724 590 2040 672 oportere.
2132 585 2257 652 Sed

154 700 188 742 ε
223 675 408 759 quod
449 676 820 759 proximum
861 676 1014 761 fuit,
1057 698 1191 742 non
1233 677 1415 742 vidit.
1512 674 1733 763 Negat
1776 676 1947 740 enim
2001 676 2257 741 definiri

218 786 370 828 rem
424 764 708 849 placere,
763 765 901 830 sine
959 786 1085 850 quo
1138 765 1280 830 fieri
1331 763 1660 829 interdum
1702 786 1837 831 non
1880 767 2125 849 potest,
2182 767 2259 828 ut

217 852 402 916 inter
456 874 567 918 eos
579 902 597 936 ,
654 853 767 938 qui
821 845 1187 939 ambigunt,
1251 854 1619 936 conveniat,
1675 852 1828 938 quid
1882 853 1971 918 sit
2028 851 2120 936 id,
2180 853 2256 917 de

220 961 364 1024 quo
413 945 674 1026 agatur,
726 941 909 1006 velut
950 942 1022 1007 in
1064 941 1190 1007 hoc
1233 941 1406 1025 ipso,
1460 942 1537 1005 de
1584 963 1710 1026 quo
1755 962 1926 1007 nunc
1970 941 2254 1025 disputa-

218 1050 394 1093 mus.
486 1028 869 1104 Quaerimus
914 1030 1088 1095 enim
1132 1030 1329 1095 finem
1382 1030 1718 1096 bonorum.
1820 1028 2256 1094 Possumusne

130 1142 189 1183 ιο
217 1116 354 1182 hoc
402 1116 567 1183 scire
613 1117 802 1202 quale
847 1118 960 1202 sit,
1003 1118 1132 1183 nisi
1179 1117 1641 1183 contulerimus
1694 1118 1865 1183 inter
1906 1138 2057 1200 nos,
2110 1138 2259 1183 cum

215 1206 428 1269 finem
479 1204 798 1271 bonorum
845 1206 1224 1291 dixerimus,
1278 1205 1433 1291 quid
1486 1206 1663 1290 finis,
1719 1205 1874 1291 quid
1928 1206 2125 1270 etiam
2169 1205 2257 1270 sit

216 1294 444 1377 ipsum
496 1292 780 1359 bonum?
888 1295 1096 1378 Atqui
1158 1293 1321 1360 haec
1380 1293 1731 1379 patefactio
1795 1294 1980 1378 quasi
2042 1316 2255 1359 rerum
2292 1310 2325 1359 5

220 1384 636 1466 opertarum,
681 1405 854 1467 cum,
902 1383 1054 1468 quid
1099 1382 1381 1468 quidque
1427 1382 1542 1466 sit,
1596 1383 1911 1466 aperitur,
1966 1381 2255 1447 definitio

221 1473 355 1553 est3
413 1492 541 1555 qua
593 1473 670 1536 tu
725 1471 924 1535 etiam
982 1471 1356 1555 imprudens
1399 1470 1669 1536 utebare
1712 1492 1845 1537 non
1887 1491 2257 1553 numquam.

135 1583 192 1623 15
219 1556 405 1623 Nam
447 1558 620 1623 hunc
663 1559 883 1642 ipsum
928 1559 1064 1625 sive
1108 1560 1303 1624 finem
1352 1559 1486 1624 sive
1529 1562 1885 1624 extremum
1930 1557 2063 1622 sive
2107 1558 2256 1621 ulti-

222 1668 411 1710 mum
448 1646 802 1712 definiebas
839 1646 909 1712 id
954 1668 1113 1732 esse,
1161 1670 1289 1732 quo
1328 1648 1564 1731 omnia,
1600 1668 1763 1732 quae
1798 1648 1974 1711 recte
2008 1646 2257 1727 fierent,

218 1734 650 1819 referrentur,
693 1757 902 1820 neque
946 1735 1017 1800 id
1059 1736 1274 1819 ipsum
1311 1757 1587 1821 usquam
1623 1735 1987 1800 referretur.
2065 1733 2258 1799 Prae·

221 1823 402 1887 clare
465 1822 591 1888 hoc
653 1823 930 1907 quidem.
1028 1823 1284 1889 Bonum
1334 1824 1551 1907 ipsum
1604 1823 1804 1887 etiam
1858 1822 2013 1907 quid
2068 1826 2257 1905 esset,

219 1911 537 1995 fortasse,
599 1911 656 1976 si
713 1932 873 1995 opus
936 1910 1198 1996 fuisset,
1252 1912 1609 1989 definisses,
1674 1914 1789 1975 aut
1850 1909 2020 1996 quod
2084 1918 2259 1975 esset

137 2025 196 2065 ιο
221 2003 468 2064 natura
531 2000 991 2083 appetendum,
1055 2003 1168 2064 aut
1230 1998 1404 2083 quod
1464 1998 1828 2083 prodesset,
1902 2002 2016 2063 aut
2085 1999 2257 2100 quod
2392 2054 2395 2056 Α

223 2088 511 2169 iuvaret,
573 2092 689 2153 aut
751 2088 921 2174 quod
974 2050 1214 2153 liberet
1285 2086 1499 2153 modo.
1606 2087 1801 2173 Nunc
1860 2087 2059 2171 idem,
2129 2087 2258 2151 nisi

222 2175 583 2241 molestum
628 2178 754 2259 est,
800 2176 1104 2261 quoniam
1148 2175 1275 2241 tibi
1318 2198 1453 2240 non
1498 2177 1758 2244 omnino
1805 2175 2109 2259 displicet
2152 2176 2257 2239 de-

221 2265 447 2329 finire
473 2267 540 2329 et
589 2264 659 2329 id
709 2264 899 2348 faciS,
953 2286 1098 2330 cum
1151 2265 1274 2349 vis,
1342 2265 1539 2330 velim
1592 2264 1889 2349 definias,
1953 2264 2107 2348 quid
2171 2264 2259 2328 sit

221 2353 564 2436 voluptas,
629 2352 705 2416 de
769 2374 896 2438 quo
962 2353 1172 2418 omnis
1233 2352 1397 2418 haec
1479 2352 1775 2455 quaestio
1848 2355 1967 2417 est.
2082 2350 2257 2435 Quis,
2295 2368 2327 2419 6

145 2466 196 2507 25
228 2462 506 2527 quaeso,
561 2440 805 2525 inquit,
861 2444 990 2525 est,
1046 2442 1183 2527 qui,
1237 2441 1393 2529 quid
1447 2440 1535 2506 sit
1595 2440 1925 2525 voluptas,
1986 2440 2258 2522 nesciat,

227 2532 348 2593 aut
385 2530 521 2613 qui,
568 2550 694 2613 quo
731 2529 942 2614 magis
971 2490 1047 2595 'id
1083 2530 1447 2614 intellegat,
1492 2529 1935 2594 definitionem
1971 2490 2258 2612 aliquan}

227 2616 595 2682 desideret?
666 2616 828 2681 Me‘
808 2639 1027 2702 ipsum
1064 2639 1204 2684 esse
1243 2618 1547 2701 dicerem,
1590 2617 1885 2702 inquam,
1926 2614 2058 2681 nisi
2093 2615 2257 2680 mihi
2360 2662 2369 2682 ,

225 2706 484 2770 viderer
515 2704 759 2770 habere
794 2705 958 2771 bene
987 2706 1317 2790 cognitam
1347 2706 1753 2789 voluptatem
1780 2708 1848 2769 et
1875 2704 2036 2769 satis
2072 2704 2257 2769 firme

230 2797 614 2880 conceptam
669 2794 884 2859 animo
945 2797 1138 2879 atque
1207 2815 1675 2878 comprensam.
1783 2791 1973 2859 Nunc
2038 2796 2257 2858 autem

151 2906 203 2947 ιο
229 2882 377 2947 dico
429 2883 646 2966 ipsum
697 2881 1058 2968 Epicurum
1107 2883 1354 2948 nescire
1410 2885 1477 2946 et
1526 2881 1597 2946 in
1651 2902 1728 2948 eo
1771 2886 2029 2964 nutare,
2084 2903 2257 2945 eum-

232 2992 385 3055 que,
423 2970 535 3055 qui
572 2970 797 3036 crebro
834 2970 1010 3035 dicat
1044 2971 1390 3056 diligenter
1428 2974 1727 3055 oportere
1764 2970 2055 3055 exprimi,
2092 2991 2257 3054 quae

229 3060 331 3124 vis
399 3059 692 3124 subiecta
753 3059 840 3123 sit
901 3059 1200 3143 vocibus,
1266 3080 1403 3123 non
1462 3059 1842 3144 intellegere
1912 3058 2256 3134 interdum,

234 3146 389 3233 quid
436 3150 623 3211 sonet
665 3146 828 3212 haec
873 3169 999 3213 vox
1043 3147 1425 3231 voluptatiS,
1476 3146 1543 3211 id
1589 3150 1690 3211 est
1748 3168 1912 3231 quae
1956 3166 2059 3211 res
2104 3145 2257 3211 huic

232 3236 379 3301 voci
425 3234 798 3300 subiciatur.

157 3346 207 3389 85
367 3322 536 3389 Tum
569 3323 681 3388 ille
717 3324 960 3389 ridens:
1006 3322 1153 3389 Hoc
1188 3346 1369 3407 vem,
1413 3324 1641 3408 inquit,
1689 3322 2027 3407 optimum,
2070 3325 2147 3386 ut
2180 3322 2257 3401 is,
2294 3324 2335 3389 3

235 3412 346 3495 qui
389 3412 585 3477 finem
627 3432 844 3476 rerum
891 3412 1393 3496 expetendarum
1428 3412 1835 3495 voluptatem
1880 3431 2019 3475 esse
2068 3409 2256 3491 dicat,

235 3500 302 3564 id
347 3502 730 3585 extremum,
774 3500 843 3564 id
886 3500 1190 3565 ultimum
1232 3499 1579 3583 bonorum,
1624 3500 1692 3564 id
1736 3498 1951 3581 ipsum
1991 3496 2145 3580 quid
2192 3499 2257 3559 et
2385 3497 2389 3501 '

2290 472 2335 597 Ξ
