2609 3884
331 147 464 214 380
716 144 1316 202 TUSCULANARUM
1350 141 1958 200 DISPUTATIONUM

416 308 833 375 Reddenda
866 312 1124 374 terrae
1161 310 1279 372 est
1322 306 1557 389 terra,
1601 309 1760 371 tum
1797 305 1962 371 vita
1997 306 2357 372 dmnibus

419 396 803 480 Metenda,
845 400 930 462 ut
972 394 1254 480 fruges.
1346 393 1471 460 Sic
1515 394 1736 459 iubet
1776 393 2252 460 Necessitas.

226 533 296 582 so
329 511 635 597 Negabat
677 532 884 597 genus
928 511 1053 576 hoc
1089 509 1405 575 orationis
1450 510 1792 595 quicquam
1829 509 2091 574 omnino
2139 509 2225 574 ad
2269 509 2362 574 le·

330 601 608 667 vandam
646 597 1115 686 aegritudinem
1149 597 1492 682 pertinere.
1562 597 1640 662 Id
1675 597 1847 662 enim
1879 597 2099 682 ipsum
2136 597 2360 663 dolen-

332 689 487 755 dum
532 709 673 755 esse
718 687 1003 771 dicebat,
1047 685 1221 771 quod
1261 685 1333 751 in
1366 688 1506 750 tam
1543 684 1864 750 crudelem
1898 686 2360 752 necessitatem
2385 711 2414 750 ι

330 777 808 861 incidissemus3
851 797 1004 842 nam
1039 773 1223 840 illam
1271 773 1532 859 quidem
1566 774 1927 839 orationem
1964 793 2042 838 ex
2077 794 2360 839 comme-

332 865 693 931 moratione
768 864 1131 930 alienorum
1193 862 1516 927 malorum
1579 861 1662 926 ad
1717 861 2060 927 malivolos
2128 882 2362 927 conso-

331 952 564 1019 landos
610 973 753 1017 esse
798 949 1371 1017 accommodatam.
1457 948 1624 1016 Mihi
1663 967 1821 1015 vero
1860 949 2057 1034 longe
2101 948 2362 1016 videtur

333 1061 536 1107 secus.
640 1038 813 1105 Nam
877 1042 946 1103 ct
1004 1037 1358 1104 necessitas
1419 1036 1722 1103 ferendae
1784 1036 2180 1104 condicionis
2241 1037 2360 1103 hu-

332 1125 1524 1299 {zfflisssszim‘juffussfflwffiffssff
1547 1125 1802 1298 ἓξὲξ
1806 1124 2079 1297 61,ρῖῗῖ
2081 1128 2362 1279 ‘affl
2389 1155 2443 1196 ¹⁰

332 1302 536 1382 levat,
600 1307 667 1367 et
729 1303 1132 1368 enumeratio
1197 1301 1664 1386 exemplorum,
1733 1322 1867 1367 non
1928 1304 2004 1366 ut
2066 1300 2365 1368 animum

332 1389 785 1457 malivolorum
872 1390 1188 1474 oblectet,
1265 1389 1590 1475 adfertur,
1671 1388 1784 1454 sed
1864 1390 1940 1454 ut
2018 1388 2168 1473 ille,
2247 1390 2364 1476 qui

333 1482 607 1564 maeret,
649 1479 995 1544 ferundum
1040 1479 1167 1545 sibi
1210 1477 1277 1542 id
1322 1481 1610 1559 censeat,
1654 1477 1825 1562 quod
1859 1476 2078 1542 videat
2112 1476 2362 1543 multos

228 1584 295 1634 61
333 1568 667 1633 moderate
712 1571 780 1632 et
834 1567 1179 1652 tranquille
1224 1565 1472 1632 tulisse.
1561 1563 1879 1630 Omnibus
1925 1565 2101 1631 enim
2146 1566 2361 1632 modis
2389 1593 2444 1636 1⁶

333 1655 641 1722 fulciendi
677 1659 850 1740 sunt,
884 1656 995 1741 qui
1030 1658 1227 1721 ruunt
1252 1675 1371 1720 nec
1407 1652 1750 1720 cohaerere
1783 1656 2061 1755 possunt
2094 1657 2365 1738 propter

333 1743 849 1850 magnitudinem
907 1742 1353 1827 aegritudinis.
1458 1741 1563 1807 Ex
1625 1763 1751 1827 quo
1805 1741 2018 1825 ipsam
2072 1742 2364 1828 aegritu·

334 1831 551 1898 dinem
634 1827 855 1916 λύπην
936 1828 1343 1915 Chrysippus
1425 1829 1612 1916 quasi
1686 1828 2080 1894 solutionem
2149 1831 2364 1896 totius

332 1918 615 1986 hominis
684 1920 1077 2005 appellatam
1130 1921 1352 2021 putat3
1424 1938 1589 2002 quae
1657 1919 1803 1983 tota
1862 1917 2106 2001 poterit
2167 1918 2366 1984 evelli

335 2009 683 2108 explicata,
744 2011 821 2072 ut
872 2007 1189 2108 principio
1253 2005 1415 2091 dixi,
1477 2026 1671 2071 causa
1736 2004 2193 2091 aegritudinis;
2261 2011 2367 2072 est
2392 2035 2449 2076 no

336 2096 507 2160 enim
560 2094 743 2160 nulla
794 2095 924 2160 alia
977 2094 1109 2160 nisi
1162 2094 1384 2177 opinio
1440 2096 1507 2158 et
1549 2092 1856 2158 iudicium
1901 2093 2125 2178 magni
2172 2115 2365 2178 prae-

336 2182 538 2249 sentis
586 2185 780 2267 atque
823 2181 1116 2266 urgentis
1163 2180 1338 2246 mali.
1425 2180 1654 2266 Itaque
1701 2184 1769 2246 et
1817 2180 2004 2246 dolor
2047 2183 2366 2267 corporis,

336 2269 516 2336 cuius
572 2271 673 2334 est
724 2289 977 2334 morsus
1032 2267 1408 2352 acerrimus,
1469 2269 1791 2353 perfertur
1844 2290 1959 2354 spe
2020 2269 2368 2353 proposita

332 2354 516 2442 boni,
571 2360 639 2422 et
692 2359 841 2422 acta
894 2359 1073 2422 aetas
1127 2355 1395 2422 honeste
1442 2377 1518 2421 ac
1563 2356 1896 2441 splendide
1949 2359 2204 2422 tantam
2251 2358 2366 2423 ad-

332 2445 461 2512 fert
512 2445 1050 2530 consolationem,
1104 2447 1178 2509 ut
1222 2465 1361 2528 eos,
1419 2445 1530 2529 qui
1573 2445 1672 2510 ita
1715 2445 2021 2527 vixerint,
2066 2449 2182 2510 aut
2226 2468 2364 2512 non
2391 2473 2447 2516 ιο

334 2534 619 2620 attingat
665 2533 1005 2618 aegritudo
1053 2536 1167 2599 aut
1210 2533 1560 2617 perleviter
1610 2535 1863 2618 pungat
1907 2533 2108 2598 animi
2154 2532 2364 2599 dolor.

226 2630 314 2696 26
466 2622 591 2690 Sed
628 2622 711 2687 ad
754 2622 921 2688 hanc
960 2621 1330 2706 opinionem
1366 2620 1588 2706 magni
1625 2621 1782 2685 mali
1818 2641 1965 2686 cum
2008 2619 2126 2684 illa
2161 2622 2363 2686 etiam

334 2711 556 2794 opinio
594 2709 895 2793 accessit,
932 2712 1250 2795 oportere,
1284 2713 1532 2774 rectum
1569 2729 1730 2792 esse,
1770 2707 1852 2772 ad
1889 2707 2176 2774 officium
2214 2731 2362 2792 per-

332 2798 539 2862 tinere
592 2797 764 2864 ferre
818 2797 979 2864 illud
1032 2818 1253 2884 aegre,
1298 2795 1471 2882 quod
1515 2795 1844 2880 acciderit,
1896 2799 2038 2861 tum
2083 2795 2361 2882 denique

226 2899 295 2950 62
335 2884 613 2951 efficitur
663 2885 781 2949 illa
824 2885 1045 2970 gravis
1091 2884 1518 2970 aegritudinis
1573 2845 2001 2968 perturbatio.
2085 2882 2190 2950 Ex
2234 2884 2360 2951 hac
2388 2913 2446 2956 ω

337 2972 639 3056 opinione
678 2976 830 3040 sunt
870 2973 988 3037 illa
1021 2973 1205 3038 varia
1239 2976 1309 3038 et
1353 2971 1764 3038 detestabilia
1799 2991 2038 3056 genera
2072 2971 2360 3058 lugendi,

332 3059 676 3144 paedores,
748 3059 1097 3126 muliebres
1159 3060 1585 3126 lacerationes
1657 3079 1996 3144 genarum,
2057 3061 2362 3146 pectoris,

332 3147 675 3232 feminum,
736 3147 971 3230 capitis
1034 3149 1509 3232 percussiones3
1571 3146 1724 3213 hinc
1780 3147 1892 3214 1110
1950 3145 2358 3232 Agamemno

332 3234 715 3302 Homericus
761 3239 829 3298 ct
872 3234 1046 3300 idem
1091 3235 1413 3301 Accianus

424 3347 795 3416 Scindens
841 3347 1107 3418 dolore
1150 3348 1573 3415 identidem
1608 3350 2000 3416 intonsam
2036 3371 2357 3436 comam,
2385 3377 2440 3422 1111

332 3471 403 3536 13
478 3492 606 3557 quo
668 3470 949 3538 facetum
1010 3469 1175 3536 illud
1235 3469 1488 3557 Bionis,
1557 3471 1822 3557 perinde
1896 3473 2357 3539 stultissimum
