2609 3884
371 104 497 212 l48
694 147 791 202 DE
828 145 1119 202 FINIBUS
1157 142 1522 201 BONORUM
1556 146 1652 201 ET
1689 146 2056 203 MALORUM

366 333 542 376 mum
615 331 864 392 casum,
945 329 1138 393 quem
1218 311 1490 392 propter
1569 309 1763 375 fidem
1836 309 2396 396 constantiamque

368 400 765 482 susceperat,
820 396 933 481 qui
985 396 1177 461 nobis
1223 396 1611 472 miserabilis
1669 396 1920 462 videtur
1965 399 2398 484 audientibuS,

366 487 467 552 illi
510 485 903 570 perpetienti
922 537 927 540 .
946 487 1090 549 erat
1134 484 1556 568 voluptarius
1643 485 1797 551 Non
1843 486 2016 551 enim
2061 486 2397 552 hilaritate

367 597 488 641 nec
531 574 801 640 lascivia
843 593 963 638 nec
1006 573 1145 637 risu
1190 577 1305 638 aut
1347 573 1521 652 ioco,
1567 575 1801 639 comite
1841 574 2131 640 levitatis
2140 625 2158 658 ,
2205 597 2400 659 saepe

262 685 331 735 66
371 663 568 729 etiam
611 663 838 728 tristes
882 661 1190 726 firmitate
1236 665 1303 725 et
1348 662 1720 726 constantia
1771 666 1922 727 sunt
1964 663 2162 728 beati.
2251 662 2396 728 Stu-
2425 689 2452 730 ⁵

274 817 280 824 ,
368 755 559 835 prata
611 773 728 834 per
781 751 917 815 vim
960 749 1261 815 Lucretia
1329 771 1369 813 a
1411 750 1585 834 regis
1639 749 1778 815 filio
1833 754 2078 816 testata
2122 751 2280 816 civis
2328 773 2398 816 se

202 1759 264 1770 nu...

368 842 516 924 ipsa
576 838 923 904 interemit.
1040 836 1169 902 Hic
1232 837 1416 903 dolor
1471 838 1700 921 populi
1741 837 2044 904 -Romani
2108 839 2266 905 duce
2297 849 2305 855 '
2331 843 2401 904 et

369 931 633 993 auctore
668 927 873 991 Bruto
920 947 1116 991 causa
1154 925 1402 990 civitati
1442 924 1764 991 libertatis
1809 926 1959 1014 fuit,
2006 927 2092 992 ob
2132 928 2398 1012 eiusque

366 1014 663 1080 mulieris
717 1014 1100 1079 memoriam
1151 1014 1383 1096 primo
1420 1035 1590 1079 anno
1649 1017 1714 1079 et
1767 1015 1866 1079 vir
1911 1018 1977 1079 et
2024 1019 2212 1098 pater
2259 1017 2397 1080 eius

372 1103 596 1168 consul
656 1106 757 1167 est
807 1102 1037 1167 factus.
1136 1100 1374 1166 Tenuis
1428 1101 1503 1168 L.
1555 1101 1907 1186 Verginius
1961 1125 2253 1188 unusque
2316 1104 2395 1168 de
2427 1129 2482 1169 ιο

370 1190 595 1256 multis
670 1189 1071 1274 sexagesimo
1145 1211 1316 1255 anno
1398 1193 1551 1274 post
1627 1190 2000 1256 libertatem
2068 1195 2399 1276 receptam

370 1279 689 1363 virginem
751 1278 953 1343 filiam
1020 1300 1136 1342 sua
1197 1299 1397 1342 manu
1460 1278 1695 1343 occidit
1755 1279 2002 1363 potius,
2065 1302 2281 1364 quam.
2321 1302 2399 1345 ea

370 1366 493 1451 Ap.
550 1364 807 1432 Claudii
862 1364 1145 1449 libidini,
1200 1366 1312 1450 qui
1366 1369 1508 1430 tum
1564 1369 1703 1431 erat
1755 1387 1894 1432 cum
1958 1389 2209 1433 summo
2276 1369 2397 1433 im-

264 1505 349 1570 21
371 1455 551 1540 perio
564 1505 581 1539 ,
626 1454 982 1520 dederetur.

264 1585 331 1633 67

486 1543 641 1608 Aut
702 1543 864 1608 haec
923 1543 1049 1608 tibi
1058 1592 1077 1627 ,
1140 1540 1494 1627 Torquate,
1543 1546 1709 1608 -sunt
1768 1544 2223 1628 vituperanda,
2283 1548 2481 1610 aut15

368 1631 803 1716 patrocinium
876 1632 1235 1715 voluptatis
1313 1631 1802 1714 repudiandum.
1918 1630 2104 1708 Quod
2175 1637 2407 1698 autem·

369 1720 805 1805 patrocinium
850 1723 964 1784 aut
1022 1740 1184 1803 quae
1229 1720 1362 1784 ista
1407 1741 1602 1784 causa
1647 1723 1748 1784 est
1791 1720 2176 1805 voluptatis,
2234 1743 2397 1805 quae

368 1830 487 1874 nec
539 1810 740 1873 testes
795 1807 965 1872 ullos
1022 1828 1057 1870 e
1113 1807 1306 1871 claris
1361 1807 1517 1871 viris
1562 1829 1682 1873 nec
1737 1808 2108 1880 laudatores
2154 1810 2399 1893 poterit

370 1895 723 1962 adhibere?
838 1894 933 1961 Ut
1005 1895 1175 1959 enim
1248 1916 1370 1960 nos
1443 1916 1521 1961 ex
1585 1896 1917 1961 annalium
1980 1898 2396 1963 monimentis

369 1987 567 2049 testes
625 1983 978 2047 excitamus
1037 2005 1176 2071 eos,
1230 2005 1504 2067 quorum
1560 1984 1768 2049 omnis
1811 1985 1960 2050 ·vita
2012 1990 2397 2070 consumpta
2423 2011 2477 2051 20

373 2075 473 2136 est
508 2072 578 2135 in
613 2070 948 2136 laboribus
987 2071 1316 2156 gloriosiS,
1363 2072 1473 2155 qui
1508 2072 1863 2156 voluptatis
1899 2094 2138 2139 nomen
2173 2075 2395 2139 audire

369 2180 505 2224 non
565 2161 857 2242 possent,
922 2159 1015 2223 sic
1068 2159 1140 2223 in
1202 2160 1436 2224 vestris
1511 2158 2058 2244 disputationibus
2120 2161 2396 2228 historia

371 2249 554 2312 muta
618 2249 736 2311 est.
832 2245 1203 2332 Numquam
1268 2247 1487 2312 audivi
1539 2249 1610 2312 in
1662 2247 1930 2332 Epicuri
1989 2249 2214 2315 schola
2271 2250 2396 2335 Ly-

306 2363 313 2370 ·
371 2355 668 2437 curgum,
746 2332 1080 2419 Solonem,
1155 2333 1546 2420 Miltiadem,
1616 2336 2152 2422 Themistoclem,
2222 2339 2396 2422 Epa·

265 2710 333 2759 68

370 2422 747 2490 mmondam
790 2423 1147 2508 nominari,
1202 2423 1314 2509 qui
1367 2425 1436 2489 in
1484 2445 1594 2490 ore
1654 2429 1807 2490 sunt
1853 2429 2212 2492 ceterorum
2261 2449 2394 2492 om·
2425 2452 2475 2493 2⁵

368 2512 551 2579 nium
580 2511 1155 2598 philosophorum.
1257 2510 1449 2578 Nunc
1492 2533 1673 2596 vero,
1719 2514 2027 2597 quoniam
2072 2514 2231 2580 haec
2274 2538 2396 2582 nos

371 2601 569 2667 etiam
622 2603 903 2666 tractare
958 2601 1320 2685 coepimus,
1384 2601 1824 2685 suppeditabit
1884 2602 2074 2667 nobis
2137 2605 2396 2669 Atticus

370 2693 594 2758 noster
627 2711 665 2752 e
699 2688 1026 2755 thesauris·
1068 2689 1200 2754 suis
1248 2709 1408 2773 quos
1447 2692 1514 2770 et
1558 2693 1834 2774 quantos
1880 2691 2080 2755 viros!
2161 2689 2396 2758 Nonne

370 2777 603 2842 melius
652 2779 753 2842 est
798 2776 877 2841 de
921 2775 1025 2842 his
1066 2777 1314 2861 aliquid
1359 2799 1551 2863 quam
1595 2778 1798 2842 tantis
1834 2779 2267 2845 voluminibus
2318 2781 2397 2847 de

370 2863 705 2930 Themista
745 2864 969 2948 loqui?
1043 2863 1192 2930 Sint
1233 2866 1364 2931 ista
1399 2865 1823 2949 Graecorum3
1869 2889 2261 2952 quamquam
2311 2871 2394 2935 ab
2424 2895 2479 2936 so
2601 2867 2603 2914 ἓ

370 2951 452 3016 iis
496 2951 981 3035 philosophiam
1028 2956 1095 3017 et
1139 2951 1360 3018 omfl'es
1418 2955 1733 3040 ingenuas
1779 2952 2152 3040 disciplinas
2199 2956 2396 3023 habe-

368 3061 542 3124 mus;
600 3039 711 3104 sed
764 3043 987 3108 tamen
1040 3045 1141 3106 est
1200 3042 1468 3126 aliquid,
1524 3042 1694 3127 quod
1745 3044 1934 3109 nobis
1987 3066 2122 3110 non
2182 3045 2397 3130 liceat,

329 3134 335 3139 '
366 3127 563 3195 liceat
608 3127 761 3193 illis.
847 3127 1153 3212 Pugnant
1198 3128 1403 3195 Stoici
1453 3152 1597 3195 cum
1641 3131 2111 3216 Peripateticis.
2182 3133 2398 3199 Alteri

369 3217 615 3301 negant
677 3215 1021 3299 quicquam
1068 3237 1225 3285 esse
1294 3219 1566 3306 bonum,
1627 3219 1756 3286 nisi
1820 3221 1992 3304 quod
2050 3221 2396 3288 honestum

368 3304 486 3385 sit,
542 3303 736 3368 alteri
788 3304 1137 3388 plurimum
1194 3327 1264 3370 se
1321 3310 1387 3370 et
1431 3307 1628 3392 longe
1672 3308 1994 3394 longeque
2044 3311 2396 3394 plurimum
2423 3336 2477 3378 35
2602 3291 2603 3366 ζ

367 3391 655 3458 tribuere
711 3391 1062 3477 honestati,
1118 3394 1230 3458 sed
1282 3397 1502 3458 tamen
1559 3399 1624 3459 et
1667 3395 1738 3460 in
1784 3418 2052 3481 corpore
2098 3403 2165 3464 et
2210 3403 2396 3465 extra

370 3499 511 3548 esse
558 3479 873 3566 quaedam
917 3482 1104 3548 bona.
1174 3480 1266 3546 Et
1312 3485 1634 3547 certamen
1678 3483 2024 3550 honestum
2070 3491 2137 3552 et
2179 3487 2395 3574 dispu-

2601 3657 2603 3754 z
