2609 3884
785 210 922 266 LIB.
960 211 1031 267 V.
1087 210 1241 265 CAP.
1283 217 1459 266 1—-3,
1514 213 1546 277 ξ
1583 217 1757 266 3—9.
2149 210 2278 274 427

252 376 323 438 ert
363 371 491 438 hoc
533 372 887 457 parricidio
925 393 995 437 se
1038 373 1384 456 inquinare
1421 373 1616 438 audet
1653 375 1720 438 et
1762 376 1903 439 tam
1942 372 2142 456 impie
2185 374 2282 438 in-

252 464 483 547 gratus
548 483 720 545 esse,
781 463 859 525 ut
922 483 1068 526 eam
1122 465 1382 526 accuset
1389 511 1407 544 ,
1472 483 1668 545 quam
1730 461 1940 527 vereri
2003 459 2282 546 deberet,

252 549 515 614 etiamsi
568 549 785 616 minus
838 549 1171 634 percipere
1231 549 1596 635 potuisset?
1696 547 1851 634 Sed,
1904 552 1979 614 ut
2032 549 2284 635 opinor,

250 636 361 702 hic
398 659 579 704 error
614 641 684 702 et
724 637 887 703 haec
929 637 1342 703 indoctorum
1379 637 1615 702 animis
1655 638 1864 704 offusa
1905 637 2116 720 caligo
2164 639 2282 722 est,

196 750 225 792 5
254 726 427 811 quod
470 729 609 791 tam
652 727 851 811 longe
894 729 1068 791 retro
1113 725 1437 811 respicere
1479 746 1613 791 non
1665 729 1943 811 possunt
1986 746 2105 790 nec
2152 746 2283 810 eos,

253 837 296 880 a
345 813 582 898 >quibus
634 814 775 880 vita
826 814 1166 879 hominum
1226 814 1548 880 instructa
1608 814 1839 899 primis
1903 812 2017 898 sit,
2075 813 2281 878 fuisse

252 902 681 989 philosophos
730 902 1151 968 arbitrantur.
2317 951 2358 1015 3

388 989 601 1067 Quam
650 1012 792 1057 rem
846 991 1371 1075 antiquissimam
1429 1012 1576 1056 eum
1626 990 1989 1073 videamus,
2045 1011 2282 1057 nomen
2319 1028 2349 1078 ⁷

250 1081 474 1145 tamen
528 1100 669 1144 esse
716 1079 1099 1144 confitemur
1150 1100 1396 1144 recens.
1482 1078 1656 1146 Nam
1703 1078 2097 1162 sapientiam
2141 1079 2280 1162 qui-

168 1188 225 1232 10
252 1167 399 1232 dem
443 1167 659 1252 ipsam
704 1167 847 1252 quis
882 1187 1121 1253 negare
1165 1171 1384 1251 potest
1415 1189 1549 1232 non
1584 1167 1778 1232 modo
1815 1188 1887 1232 re
1929 1188 2071 1233 esse
2116 1167 2280 1231 anti-

252 1276 475 1341 quam,
526 1277 754 1320 verum
808 1256 1007 1320 etiam
1059 1254 1367 1322 nomine?
1422 1276 1586 1340 quae
1641 1254 2007 1320 divinarum
2054 1253 2281 1319 huma-

249 1365 611 1428 narumque
644 1364 881 1428 rerum,
921 1347 1061 1409 tum
1097 1343 1436 1409 initiorum
1471 1364 1936 1427 causarumque
1973 1343 2281 1428 cuiusque

249 1432 348 1497 rei
384 1432 753 1518 cognitione
786 1432 915 1503 hoe
947 1431 1460 1517 pulcherrimum
1491 1451 1732 1496 nomen
1767 1429 1940 1516 apud
1977 1431 2280 1514 antiquos

252 1520 744 1605 adsequebatur.
840 1518 1069 1605 Itaque
1115 1522 1181 1585 et
1234 1521 1384 1586 illos
1439 1522 1718 1603 septem,
1773 1519 1887 1603 qui
1931 1540 1972 1582 a
2017 1517 2280 1583 Graecis

172 1633 225 1674 15
254 1611 489 1692 σοφοί,
546 1608 871 1694 sapientes
930 1631 970 1673 a
1019 1607 1261 1673 nostris
1309 1611 1378 1672 et
1427 1607 1838 1672 habebantur
1882 1609 1948 1671 et
1989 1607 2281 1671 nomina-

252 1698 522 1781 bantur,
568 1699 635 1761 et
663 1696 893 1762 multis
932 1699 1086 1761 ante
1132 1695 1409 1762 saeculis
1451 1694 1850 1780 Lycurgum,
1893 1694 2075 1760 cuius
2119 1697 2281 1760 tem·
2403 1695 2413 1706 ‘

249 1785 521 1871 poribus
566 1784 889 1850 Homerus
937 1785 1135 1849 etiam
1188 1784 1392 1849 fuisse
1437 1787 1586 1848 ante
1641 1783 1812 1848 hanc
1856 1783 2083 1848 urbem
2130 1803 2282 1848 con-

250 1875 459 1939 ditam
508 1872 817 1956 traditur,
873 1876 941 1938 et
991 1873 1125 1938 iam
1175 1871 1460 1938 heroicis
1517 1871 1843 1937 aetatibus
1895 1869 2156 1936 Ulixem
2217 1873 2283 1936 et

250 1961 599 2028 Nestorem
644 1961 1007 2046 accepimus
1054 1964 1122 2026 et
1162 1961 1366 2026 fuisse
1413 1963 1480 2025 et
1519 1959 1782 2024 habitos
1841 1979 1983 2024 esse
2028 1958 2279 2042 sapien-

172 2075 227 2115 ιο
250 2051 361 2115 tis.
457 2048 598 2117 Nec
647 2071 804 2116 vero
862 2048 1101 2114 Atlans
1156 2048 1476 2114 sustinere
1530 2047 1781 2113 eaelum
1837 2067 1957 2112 nec
2018 2045 2278 2111 Prome·
2317 2057 2352 2109 8
2389 2108 2393 2112 ,

250 2138 445 2204 theus
517 2138 767 2204 adfixus
840 2134 1129 2202 Caucaso
1202 2156 1322 2202 nec
1395 2137 1694 2202 stellatus
1767 2132 2064 2220 Cepheus
2135 2156 2282 2200 cum

252 2247 453 2329 uxore
461 2277 497 2328 ,·
525 2245 793 2312 genero,
834 2225 973 2290 filia
1012 2225 1408 2308 traderetur,
1463 2224 1596 2290 nisi
1639 2222 2018 2290 caelestium
2061 2222 2282 2325 divina

254 2317 817 2488 ῗῖἶῗὲἒὲῒοῖῖ
844 2311 2284 2486 3ffip&022‘22252213313311‘3‘2235331

175 2517 227 2557 25
255 2491 545 2577 platione
600 2490 816 2556 studia
867 2490 1227 2574 ponebant,
1282 2489 1608 2574 sapientes
1654 2491 1722 2554 et
1763 2486 2172 2552 habebantur
2217 2489 2284 2551 et

255 2580 782 2665 nominabantur,
835 2579 1027 2663 idque
1082 2598 1305 2643 eorum
1357 2598 1598 2642 nomen
1649 2597 1852 2660 usque
1907 2573 1990 2640 ad
2037 2573 2281 2658 Pytha-

252 2689 455 2823 ἓξὲξ
470 2667 784 2822 Ἑξᾚὲἓ
818 2669 1396 2820 Ξθέἒὲἓὲἰῖθεῳῖὲ
1413 2664 1787 2819 ᾶιὲξὺῗιέήξιῗ
1803 2662 2092 2834 pai-iffi&
2104 2661 2282 2815 ΡΙΞῙΙἝἶ

255 2849 482 2911 untem
524 2844 745 2909 ferunt
796 2843 1078 2928 venisse,
1132 2804 1406 2926 eu'mque
1462 2862 1608 2906 cum
1659 2839 1931 2924 Leonte,
1989 2801 2282 2923 pfincipe

174 2956 230 2998 zo
254 2932 723 3015 Phliasiorum,
796 2930 983 2996 docte
1047 2933 1114 2995 et
1174 2931 1436 3014 copiose
1497 2928 1876 2994 disseruisse
1939 2926 2282 3012 quaedam3

257 3021 437 3087 euius
489 3018 823 3106 ingenium
878 3023 945 3084 et
998 3018 1437 3105 eloquentiam
1491 3039 1637 3083 oum
1697 3016 2051 3082 admiratus
2110 3017 2286 3079 esset

254 3109 462 3193 Leon,
507 3108 904 3192 quaesivisse
952 3128 1031 3172 ex
1076 3127 1181 3192 e0,
1224 3127 1356 3192 qua
1397 3105 1674 3170 maxime
1721 3107 1860 3169 arte
1907 3103 2280 3184 confideret3

257 3202 329 3263 at
370 3196 560 3262 illum
602 3199 813 3260 artem
858 3195 1117 3279 quidem
1153 3216 1222 3260 se
1258 3194 1428 3260 scire
1471 3193 1749 3272 nullam,
1796 3192 1908 3258 sed
1952 3211 2093 3256 esse
2136 3188 2281 3274 phi-

253 3283 620 3369 losophum.
721 3282 1135 3348 Admiratum
1195 3281 1511 3349 Leontem
1574 3281 1932 3347 novitatem
1995 3276 2280 3343 nominis

176 3396 231 3437 85
258 3373 685 3460 quaesivisse,
740 3370 1006 3456 quinam
1050 3373 1270 3435 essent
1323 3367 1724 3455 philosophi,
1780 3369 1847 3432 et
1899 3364 2055 3450 quid
2109 3365 2284 3430 inter

259 3481 369 3527 eos
416 3463 484 3526 et
522 3460 803 3544 reliquos
849 3459 1223 3542 interesset3
1267 3458 1716 3544 Pythagoram
1755 3457 1971 3520 autem
2015 3473 2280 3537 respon·
2317 3469 2349 3520 9

258 3547 431 3614 disse
476 3548 757 3614 similem
794 3546 921 3613 sibi
965 3545 1171 3612 videri
1203 3546 1410 3610 vitam
1452 3543 1790 3610 hominum
1827 3545 1894 3606 et
1927 3544 2282 3605 mercatum
