2609 3884
642 174 780 229 LIB.
816 174 884 230 V.
941 173 1094 229 CAP.
1133 180 1226 243 23,
1265 180 1351 230 24.
1409 180 1439 239 g
1476 180 1621 228 65-
1638 179 1721 230 71.
2072 174 2209 239 265

203 340 270 401 ut
305 336 520 420 liberi,
565 339 642 401 ut
686 335 1086 420 propinqui,
1103 338 1179 400 ut
1221 335 1369 419 ipsa
1412 334 1652 435 patria,
1714 338 1863 399 sunt
1906 336 2020 401 illa
2068 336 2205 419 qui-

203 426 334 489 dem
379 446 496 489 sua
542 426 771 508 sponte
818 444 994 502 cara,
1051 422 1162 487 sed
1208 423 1434 488 eodem
1477 423 1547 487 in
1594 443 1853 508 genere,
1899 445 2025 507 quo
2072 424 2206 507 illa,

201 534 320 577 non
379 514 544 576 sunt.
633 509 771 577 Nec
823 532 974 576 vero
1030 532 1350 612 umquam·
1403 532 1728 576 summum
1791 511 2034 576 bonum
2106 532 2205 575 as-

203 600 376 684 sequi
410 599 752 684 quisquam
788 602 1037 683 posset,
1083 599 1139 663 si
1178 598 1397 664 omnia
1430 598 1573 683 illa,
1618 621 1781 683 quae
1819 603 1973 664 sunt
2007 603 2206 682 extra,

152 711 178 753 ⁶
203 709 583 773 quamquam
629 686 1008 772 expetenda,
1054 708 1306 751 summo
1353 686 1526 751 bono
1574 687 2073 752 continerentur.

2224 730 2319 794 24

325 775 464 876 Quo
530 775 718 840 modo
782 775 1010 859 igitur,
1080 774 1362 858 inquies„
1434 795 1659 838 verum
1744 795 1883 840 esse
1963 776 2207 859 poterit
2244 808 2321 859 69

201 863 414 929 omnia
471 862 698 927 referri
763 862 844 927 ad
906 884 1229 927 summum
1290 862 1561 945 bonum,
1626 862 1681 926 si
1740 862 2090 946 amicitiae,
2150 864 2208 927 si

198 950 735 1036 propinquitates,
791 950 847 1014 si
900 950 1150 1034 reliqua
1209 952 1477 1013 externa
1532 970 1780 1014 summo
1843 949 2016 1016 bono
2073 971 2207 1015 non

198 1038 642 1105 continentur?
739 1036 882 1103 Hac
940 1037 1244 1103 videlicet
1305 1037 1585 1120 ratione,
1644 1038 1815 1121 quod
1876 1058 1979 1121 ea,
2042 1060 2206 1121 quae

121 1150 170 1189 ιο
197 1130 456 1193 externa
501 1129 677 1209 sunt,
721 1126 803 1191 iis
849 1129 1105 1191 tuemur
1151 1124 1412 1208 officiis,
1457 1147 1621 1210 quae
1660 1125 1957 1190 oriuntur
2005 1148 2044 1189 a
2091 1147 2205 1190 suo

196 1216 498 1316 cuiusque
559 1234 793 1299 genere
853 1214 1134 1279 virtutis.
1241 1212 1415 1278 Nam
1480 1217 1548 1278 et
1610 1212 1803 1278 amici
1868 1205 2079 1278 cultus
2141 1216 2208 1278 et

193 1302 481 1388 parentis
538 1302 626 1385 ei,
681 1301 795 1386 qui
849 1301 1061 1367 officio
1114 1299 1438 1385 fungitur,
1491 1301 1561 1364 in
1606 1322 1681 1366 eo
1727 1301 1871 1384 ipso
1924 1300 2209 1386 prodest,

193 1390 360 1475 quod
415 1391 510 1454 ita
559 1389 747 1474 fungi
803 1389 1013 1455 officio
1067 1389 1138 1453 in
1188 1392 1362 1453 recte
1412 1388 1606 1453 factis
1662 1392 1786 1471 est,
1845 1410 2008 1473 quae
2055 1393 2210 1453 sunt

195 1482 337 1545 orta
387 1498 432 1542 a
482 1476 850 1543 virtutibus.
949 1476 1128 1553 Quae
1184 1476 1444 1559 quidem
1507 1476 1831 1559 sapientes
1896 1478 2207 1557 [utentes]

115 1587 165 1628 15
192 1568 548 1651 sequuntur
584 1564 743 1629 duce
777 1568 1013 1629 natura
1059 1564 1457 1648 [tanquam];
1500 1585 1636 1629 non
1676 1563 1945 1649 perfecti
1990 1568 2207 1628 autem

190 1654 484 1720 homines
531 1656 598 1717 et
638 1656 861 1717 tamen
904 1651 1183 1737 ingeniis
1223 1651 1687 1716 excellentibus
1723 1651 2003 1735 praediti
2043 1652 2207 1716 exci-

187 1744 414 1809 tantur
449 1761 640 1825 saepe
685 1741 922 1826 gloria,
967 1760 1132 1824 quae
1152 1739 1377 1817 ‘habet
1411 1740 1691 1823 speciem
1734 1740 2095 1804 honestatis
2142 1743 2209 1803 et

191 1828 703 1894 similitudinem.
776 1826 1020 1905 Quodsi
1056 1827 1270 1910 ipsam
1302 1826 1713 1891 honestatem
1746 1826 2029 1910 undique
2062 1850 2205 1911 per-

187 1917 428 1982 fectam
483 1920 676 2001 atque
733 1915 1130 1997 absolutam,
1181 1937 1321 1980 rem
1374 1936 1570 1980 unam
1627 1914 2210 1999 praeclarissimam

108 2028 162 2067 ιο
191 2006 482 2070 omnium
561 2004 964 2088 maximeque
1041 2002 1432 2067 laudandam
1450 2052 1468 2085 ,
1554 2004 1814 2086 penitus
1896 2002 2209 2087 viderent,

191 2113 477 2177 quonam
549 2091 786 2175 gaudio
861 2091 1363 2173 complerentur,
1441 2111 1585 2154 cum
1664 2094 1999 2174 tantopere
2074 2091 2207 2156 eius

190 2179 576 2245 adumbrata
631 2178 934 2263 opinione
985 2178 1354 2243 laetentur?
1445 2177 1651 2254 Quem
1699 2179 1870 2243 enim
1921 2177 2206 2243 deditum

188 2265 659 2369 voluptatibus,
694 2287 884 2350 quem
921 2266 1350 2349 cupiditatum
1386 2265 1698 2331 incendiis
1734 2267 2209 2332 inflammatum

187 2356 260 2419 in
313 2354 398 2419 iis
452 2352 788 2438 potiendis
796 2403 815 2437 ,
879 2374 1043 2438 quae
1097 2354 1408 2419 acerrime
1462 2354 1963 2439 concupivisset,
2025 2358 2210 2419 tanta

102 2465 156 2505 25
187 2442 447 2508 laetitia
497 2442 796 2527 perfundi
843 2442 1266 2527 arbitramur,
1329 2445 1573 2526 quanta
1638 2446 1751 2507 aut
1814 2441 2212 2526 superiorem

183 2530 572 2597 Africanum
624 2527 994 2595 Hannibale
1047 2530 1221 2596 victo
1277 2533 1391 2595 aut
1443 2531 1869 2613 posteriorem
1930 2528 2210 2593 Kartha-

185 2620 342 2705 gine
389 2617 659 2685 eversa‘?
751 2617 958 2695 Quem
994 2616 1302 2683 Tiberina
1348 2617 1680 2683 descensio
1727 2616 1895 2682 festo
1941 2616 2057 2681 illo
2105 2616 2209 2681 die

182 2710 374 2773 tanto
431 2706 669 2792 gaudio
717 2706 957 2788 affecit,
1019 2709 1260 2791 quanto
1306 2704 1379 2770 L.
1452 2706 1750 2789 Paulum,
1800 2726 1946 2769 cum
1992 2724 2211 2789 regem

181 2794 454 2861 Persem
516 2798 778 2878 captum
843 2756 1213 2878 adduceret,
1275 2793 1499 2859 eodem
1561 2793 1823 2857 flumine
1887 2790 2209 2858 invectio?

97 2905 155 2945 so
184 2881 334 2967 Age
396 2904 596 2966 nunc,
658 2881 816 2948 Luci
876 2884 1123 2966 noster,
1197 2885 1453 2946 exstrue
1516 2882 1734 2946 animo
1801 2880 2210 2946 altitudinem

184 2971 767 3055 excellentiamque
827 2970 1169 3055 virtutum3
1243 2969 1377 3034 iam
1438 2990 1570 3034 non
1634 2968 1990 3053 dubitabis,
2056 2970 2213 3053 quin

182 3080 417 3125 earum
495 3062 824 3143 compotes
896 3057 1193 3123 homines
1267 3076 1506 3141 magno
1582 3057 1799 3122 animo
1874 3059 2211 3141 erectoque

179 3146 481 3211 viventes
527 3167 780 3230 semper
816 3146 949 3211 sint
992 3145 1195 3229 beati3
1242 3146 1354 3229 qui
1391 3144 1602 3210 omnis
1653 3150 1866 3210 motus
1908 3145 2211 3209 fortunae

178 3234 712 3319 mutationesque
755 3256 972 3336 rerum
1011 3235 1078 3297 et
1117 3235 1487 3316 temporum
1531 3232 1692 3297 levis
1744 3237 1811 3298 et
1852 3233 2211 3299 imbecillos

86 3344 148 3385 85
179 3322 333 3388 fore
379 3322 790 3407 intellegant,
837 3322 893 3386 si
937 3321 1007 3385 in
1041 3320 1301 3385 virtutis
1341 3324 1665 3405 certamen
1705 3321 2015 3385 venerint.
2084 3318 2213 3383 Illa

176 3410 388 3488 enim,
453 3430 614 3493 quae
688 3412 842 3475 sunt
905 3430 944 3473 a
1003 3407 1192 3473 nobis
1270 3408 1443 3473 bona
1504 3409 1791 3492 corporis
1854 3409 2211 3488 numerata,

176 3497 524 3582 complent
579 3518 655 3562 ea
710 3496 967 3582 quidem
1020 3496 1467 3561 beatissimam
1522 3497 1755 3581 vitam,
1810 3496 1921 3560 sed
1974 3495 2093 3576 ita,
2136 3496 2213 3557 ut

2246 2194 2322 2243 71)

2250 2896 2312 2945 71
