2609 3884
842 193 1270 250 ADNOTA'HO
1310 194 1614 250 CRITICA.
2160 197 2239 251 IX

223 354 397 408 simile
429 354 504 408 sit
538 353 729 420 Goer.,
765 352 951 407 Halm.
990 381 1059 394 -
1094 350 1158 405 P.
1188 357 1275 406 43.
1303 358 1377 407 24
1410 353 1706 408 internosci
1729 354 1975 422 possint
2008 352 2236 409 Davisio

227 424 520 506 obsecutus
553 423 787 489 Baiter.;
825 423 926 476 sed
960 441 1014 476 v.
1051 441 1105 492 p.
1148 427 1234 504 58..
1271 429 1304 476 3
1334 440 1524 546 sqss-l-³
1538 423 2239 549 P44432'026viff'35k2112‘2i

225 493 779 644 ἓὸἷξὲιὲίεὸἓὲἓῗῖ
813 493 1339 643 ἓέῑρῗῇῡὲαέωέἑ
1367 568 1425 630 7,
1462 537 1549 619 si.
1579 535 1697 644 13,
1723 569 1845 618 400.
1872 570 1942 618 20
1971 531 2029 634 {a
2052 514 2237 620 Nogio

227 632 413 702 Gerl.),
439 639 560 688 410.
591 639 686 701 293
714 633 826 687 vid.
854 634 1003 687 Balt.
1033 633 1108 688 ad
1131 632 1265 686 fam.
1287 631 1393 686 XII
1412 638 1497 688 25.
1516 639 1569 699 4,
1595 632 1737 687 Phil.
1769 633 1846 688 VI
1874 640 1924 689 2.
1953 641 2014 701 4;
2041 652 2096 704 Ρ.
2114 641 2236 690 465.

227 709 293 758 23
319 706 484 759 vinol.
515 704 676 760 codd.
708 735 775 743 —
802 702 865 759 P.
894 709 980 759 44.
1011 709 1078 758 28
1105 705 1424 771 neutiquam
1448 719 1520 756 ne
1558 703 1769 771 dactyli
1796 704 2059 759 creticive
2084 721 2237 760 men-

228 791 412 828 suram
451 775 676 842 habeat,
717 776 847 828 sunt
875 773 973 854 qui
995 790 1064 827 ne
1098 775 1349 855 utiqnam
1374 773 1729 854 scribendum
1769 775 2026 858 doceant,
2067 776 2238 845 scrip-

229 847 521 984 Zfflssqssoi
546 844 764 982 ἓξὲξ
779 843 1251 969 ῗξεῗὲἒὲἰὲῃὲὶῗ
1265 858 1749 970 31222033012313
1769 845 2239 970 35:533&ssssss

111 997 120 1009 ·
228 986 291 1038 in
321 985 525 1051 furore.
554 1015 620 1024 —
647 984 714 1038 P.
743 990 826 1040 45.
867 990 934 1038 26
971 987 1045 1040 in
1079 984 1206 1039 add.
1243 983 1522 1051 Lambin.;
1573 984 1642 1039 cf.
1680 984 1755 1038 ad
1790 1003 1845 1054 p.
1881 990 2004 1042 246.
2049 990 2132 1041 14.
2171 1017 2237 1026 -

228 1055 304 1108 Ib.
336 1072 454 1123 sqq.
483 1071 580 1110 nec
611 1056 686 1110 sit
721 1056 786 1109 in
819 1056 1030 1109 duobus
1065 1059 1166 1108 aut
1190 1056 1453 1123 pluribus
1487 1056 1682 1109 nulla
1715 1072 1774 1110 re
1805 1056 2061 1123 differens
2094 1058 2241 1111 ulla

230 1126 581 1180 communitas
613 1124 745 1179 vide
771 1125 1018 1194 Madvig.
1045 1125 1261 1179 advers.
1288 1125 1343 1179 11
1370 1143 1425 1194 p.
1454 1131 1583 1192 2423
1620 1125 1720 1179 sed
1748 1127 1899 1194 quod
1924 1125 2077 1181 idem
2100 1125 2239 1183 ibid.

232 1197 288 1248 et
312 1195 426 1250 iam
453 1197 584 1250 ante
611 1193 672 1248 in
698 1195 782 1250 ed.
805 1194 896 1252 Or.
914 1196 966 1249 11
993 1213 1048 1264 p.
1079 1199 1185 1250 854
1209 1195 1527 1264 proposuit:
1564 1197 1684 1250 ulla
1710 1198 2066 1250 communitas
2090 1199 2237 1252 visi.

231 1266 358 1320 Sint
401 1270 452 1319 et
495 1281 622 1331 ova,
665 1265 728 1319 id
763 1264 903 1319 mihi
937 1281 1050 1320 non
1095 1265 1385 1320 satisfacit.
1430 1295 1498 1306 -—
1540 1264 1601 1319 P.
1640 1271 1725 1321 45.
1754 1272 1822 1320 37
1866 1268 1953 1321 ita
1996 1266 2240 1322 Christio

231 1337 455 1390 auctore
481 1335 614 1391 incl.
641 1335 825 1389 Halm.
848 1365 915 1376 --
934 1334 998 1390 P.
1018 1341 1104 1390 46.
1126 1342 1193 1391 13
1220 1341 1258 1404 †
1283 1336 1511 1403 refallor
1539 1337 1627 1404 (V,
1653 1337 1865 1403 refellat
1885 1334 1952 1405 A,
1978 1338 2145 1404 fallor
2170 1336 2238 1406 Β)

225 1411 397 1476 potest
433 1405 593 1461 codd.
669 1406 830 1471 Quod
865 1405 1033 1461 scribi
1069 1406 1236 1460 solet:
1289 1407 1475 1472 refello
1500 1411 1752 1474 propter,
1796 1406 1980 1462 Halm.
2021 1423 2239 1476 quoque

228 1479 476 1544 veretur,
512 1478 578 1530 ut
611 1478 764 1531 recte
801 1478 1112 1530 correctum
1148 1476 1248 1544 sit,
1293 1476 1435 1530 mihi
1471 1475 1874 1530 subabsurdum
1904 1477 2141 1532 videtur.
2172 1507 2239 1518 --

228 1546 289 1601 P.
329 1553 413 1602 46.
443 1552 512 1601 22
549 1561 657 1601 esse
691 1545 884 1600 addidi
923 1562 992 1600 ex
1027 1546 1149 1600 cod.
1185 1547 1259 1613 B,
1302 1546 1365 1600 in
1400 1562 1511 1614 quo
1556 1546 1825 1615 scriptum
1871 1549 1958 1601 est
1990 1548 2242 1603 similises

231 1617 354 1672 add.
392 1634 511 1686 sup.
539 1615 636 1670 lin.
664 1631 746 1682 se,
781 1633 1123 1686 quamquam
1157 1615 1218 1670 id
1252 1618 1445 1685 potest
1477 1615 1643 1672 aliter
1677 1619 1862 1671 ortum
1896 1633 2034 1672 esse.
2070 1647 2139 1660 —
2174 1616 2239 1672 P.

232 1694 316 1743 47.
347 1694 376 1742 1
417 1704 497 1754 sq.
533 1687 774 1742 Nihilo
819 1689 962 1742 enim
1003 1687 1178 1756 maais
1221 1687 1491 1741 adsentiri
1524 1703 1639 1756 par
1682 1693 1759 1742 est
1800 1689 1899 1742 hoc
1938 1689 2082 1743 illud
2117 1704 2241 1753 esse,

231 1774 417 1826 quam
451 1758 513 1812 si
545 1787 616 1798 -
650 1758 795 1812 nihil
842 1759 1118 1812 interesset
1161 1757 1381 1826 scripsi,
1430 1757 1591 1811 codd.
1636 1756 1704 1810 N
1710 1758 1837 1811 ihil
1880 1759 2025 1812 enim
2067 1760 2242 1826 mayis

233 1829 344 1882 ads.
373 1843 497 1896 per
531 1827 631 1883 hoe
667 1857 734 1867 —
769 1843 934 1897 quam
967 1829 1044 1894 si,
1079 1827 1266 1880 Halm.
1304 1829 1365 1880 et
1396 1826 1545 1880 Bait.
1582 1826 1782 1881 Nihil
1826 1843 1909 1880 en.
1944 1841 2084 1896 may.
2123 1829 2238 1882 ads.

229 1914 352 1966 par
396 1903 490 1954 est
525 1927 593 1938 —-
631 1899 828 1967 quasi
871 1899 1000 1966 (hoc
1045 1913 1114 1951 ex
1157 1897 1345 1951 Madv.
1398 1895 1580 1965 coni).
1652 1896 1697 1949 E
1742 1912 1773 1950 o
1830 1897 2047 1951 ‘locum
2098 1897 2239 1951 diffi—

234 1967 529 2022 cillimum'
570 1967 649 2022 sic
683 1967 1046 2036 interpretor:
1093 1967 1289 2034 Neque
1323 1965 1386 2020 id
1423 1965 1594 2035 (quod
1620 1967 1713 2036 gal
1738 1966 1903 2022 inarii
1935 1967 2103 2022 facile
2133 1985 2243 2023 ova

232 2037 638 2106 internoscunt,
684 2055 786 2092 nos
829 2054 944 2092 non
985 2040 1302 2107 possumus)
1347 2038 1436 2090 est
1470 2039 1665 2091 contra
1708 2053 1824 2092 nos.
1897 2036 2044 2092 Nam
2078 2038 2241 2092 nobis

234 2110 347 2177 (qui
382 2109 695 2178 sapientem
730 2108 1034 2177 aliquando
1068 2107 1309 2162 retinere
1346 2107 1643 2162 adsensum
1691 2107 1946 2175 dicimus)
1983 2107 2120 2163 satis
2156 2111 2243 2163 est

234 2181 374 2247 (nos)
413 2195 520 2234 ova
553 2178 656 2233 illa
688 2195 804 2233 non
836 2179 1214 2233 internoscere
1259 2177 1354 2244 (ad
1398 2177 1778 2232 sustinendam
1814 2178 2239 2249 adsensionem).

231 2249 422 2304 Nihilo
472 2249 621 2304 enim
670 2249 850 2318 magis
887 2247 1159 2303 adsentiri
1200 2264 1304 2317 par
1340 2250 1428 2302 est
1460 2249 1569 2302 hoc
1616 2247 1758 2302 illud
1794 2264 1913 2304 esse
1950 2249 2006 2318 (i.
2044 2265 2091 2304 e.
2127 2266 2243 2303 non

232 2319 414 2374 minus
451 2335 691 2388 aequum
727 2322 817 2374 est
850 2335 952 2374 nos
989 2319 1286 2374 adsensum
1324 2318 1644 2388 sustinere),
1694 2334 1860 2386 quam
1896 2319 1947 2372 si
1980 2319 2123 2374 nihil
2158 2319 2241 2372 in-

233 2392 469 2445 teresset
504 2393 695 2459 (quam
729 2390 779 2444 si
809 2405 975 2444 nemo
1011 2389 1389 2444 internoscere
1431 2393 1661 2458 posset).
1736 2388 1815 2444 cf.
1851 2394 1936 2444 58.
1966 2395 1998 2444 2
2034 2390 2131 2445 Λᾶ
2164 2391 2242 2454 id,

233 2462 376 2529 quod
421 2463 637 2531 agitur,
679 2460 823 2515 nihil
865 2461 1110 2526 interest,
1154 2461 1469 2516 omnibusne
1501 2461 1762 2528 partibus
1803 2461 1926 2514 visa
1968 2475 2053 2514 res
2101 2461 2244 2514 nihil

233 2531 481 2598 differat,
517 2547 593 2586 an
627 2531 921 2586 internosci
953 2545 1069 2586 non
1097 2532 1300 2598 possit,
1348 2531 1562 2584 etiamsi
1595 2531 1831 2595 differat.
1904 2529 1988 2582 De
2023 2544 2241 2596 permu-

232 2600 366 2655 tatis
403 2601 576 2667 nihil,
618 2603 816 2667 nihilo,
849 2601 1016 2656 nihili
1050 2599 1163 2655 vid.
1189 2599 1451 2654 Wesenb.
1485 2598 1558 2653 ad
1586 2597 1743 2653 Tusc.
1780 2599 1807 2650 I
1836 2604 1884 2652 8.
1918 2603 1982 2650 15
2014 2600 2088 2666 (Ρ.
2117 2603 2237 2653 213.

235 2676 300 2725 15
333 2671 425 2724 Or.
454 2671 546 2739 ΙΙ).
585 2701 650 2710 --
684 2672 743 2728 P.
773 2677 859 2726 47.
887 2677 920 2725 9
949 2673 1013 2726 in
1039 2673 1268 2726 animos
1302 2670 1539 2736 imprim.
1567 2669 1718 2722 recte
1746 2666 2009 2721 videntur
2036 2667 2243 2736 Davis,

235 2741 352 2809 Or.,
402 2739 500 2797 all.
544 2742 785 2796 mutasse
829 2741 891 2795 in
934 2743 1000 2796 in
1043 2741 1264 2796 animis
1313 2740 1435 2808 (aut
1468 2740 1533 2792 in
1568 2739 1806 2804 animo).
1846 2767 1913 2781 --
1950 2736 2014 2792 P.
2050 2743 2135 2793 47.
2177 2744 2242 2793 15

232 2811 390 2866 nulla
424 2827 484 2866 re
521 2811 641 2865 cod.
677 2812 750 2878 B,
786 2828 846 2865 re
882 2829 988 2866 om.
1024 2813 1102 2879 A,
1139 2811 1290 2880 vulg.
1329 2826 1388 2865 re
1419 2809 1595 2863 nulla.
1632 2839 1703 2850 -
1735 2806 1798 2861 P.
1832 2813 1917 2863 47.
1955 2814 2025 2863 23
2062 2809 2247 2876 futtile

233 2879 430 2950 scripsi
476 2881 640 2950 (Bait.
680 2881 766 2937 ed.
804 2881 1050 2936 Tauchn.
1094 2881 1156 2935 in
1190 2879 1437 2948 Tuscul.,
1490 2879 1559 2934 de
1612 2879 1663 2934 d.
1719 2880 1861 2948 nat.,
1912 2878 1979 2934 de
2035 2879 2244 2946 divin),

236 2966 571 3019 quamquam
603 2951 665 3005 in
701 2953 861 3006 codd.
901 2955 960 3006 et
992 2951 1086 3005 hic
1124 2953 1184 3005 et
1229 2967 1284 3020 p.
1330 2955 1444 3004 185.
1474 2955 1543 3004 26
1580 2951 1639 3004 et
1675 2948 1743 3002 de
1781 2947 1951 3003 divin.
1990 2949 2016 3002 1
2055 2955 2135 3006 19.
2176 2955 2243 3003 36

235 3023 319 3074 est
351 3023 540 3088 futile,
577 3021 676 3076 sed
710 3039 766 3090 Ρ.
803 3027 924 3077 404.
953 3028 1047 3090 31,
1092 3026 1212 3076 431.
1246 3027 1314 3076 14
1351 3022 1485 3088 (non
1526 3019 1587 3073 in
1633 3020 1757 3074 cod.
1792 3020 1844 3073 R,
1889 3019 2094 3087 solum,
2146 3019 2245 3074 sed

235 3092 403 3145 etiam
447 3091 510 3146 in
555 3089 649 3160 G),
696 3092 767 3146 de
813 3091 964 3147 deor.
1006 3093 1120 3145 nat.
1166 3092 1194 3145 Ι
1239 3095 1288 3145 8.
1332 3096 1422 3159 18,
1467 3090 1520 3144 11
1556 3096 1641 3145 28.
1673 3096 1739 3144 70
1777 3106 1859 3145 ex.
1905 3090 1999 3144 vel
2042 3091 2247 3156 futtilis

235 3162 323 3214 vel
365 3161 590 3227 futtulis
631 3161 725 3216 vel
768 3162 980 3229 futcilis
1023 3162 1160 3228 (fuit
1201 3161 1344 3228 tilis)
1384 3160 1478 3215 vel
1521 3161 1805 3226 fuctilitas.
1855 3190 1921 3199 —
1971 3158 2034 3214 P.
2062 3165 2147 3214 47.
2176 3165 2244 3213 36

233 3235 520 3302 utrumqne
549 3249 663 3286 non
700 3249 838 3302 opus
873 3232 1099 3286 videtur
1132 3231 1193 3285 in
1227 3236 1453 3300 utroque
1488 3231 1720 3286 mutare.
1774 3230 1921 3284 Illud
1958 3231 2044 3284 est
2082 3230 2245 3299 Quid,

235 3303 283 3354 si
317 3307 366 3357 et
399 3303 616 3358 ratione
651 3307 701 3358 et
735 3304 1060 3358 auctoritate
1107 3300 1427 3357 ducuntur?
1466 3331 1533 3340 —
1568 3298 1632 3356 P.
1671 3306 1755 3354 49.
1786 3305 1818 3353 8
1864 3304 1915 3354 te
1948 3299 2103 3354 modo
2136 3315 2246 3352 mo·

236 3374 360 3426 nuit
392 3373 626 3443 Manat„
663 3373 778 3440 all„
813 3372 987 3442 Bait.,
1021 3376 1074 3427 te
1106 3387 1221 3427 non
1253 3372 1411 3426 modo
1444 3387 1585 3425 mon.
1626 3370 1813 3438 codd,
1855 3384 1974 3423 >non
2007 3374 2057 3422 te
2090 3369 2246 3447 modo

237 3457 371 3499 mon.
417 3443 634 3512 Davis,
679 3443 864 3498 Halm.
912 3473 980 3484 —
1024 3442 1088 3496 P.
1135 3448 1219 3497 49.
1271 3447 1337 3496 17
1382 3442 1559 3496 visum
1602 3445 1695 3494 est
1741 3440 1808 3494 de
1857 3437 2067 3492 Halmii
2103 3454 2245 3491 com.

237 3511 404 3580 Bait.;
449 3533 504 3573 v.
551 3514 628 3569 ad
670 3531 726 3584 Ρ.
766 3520 814 3569 7.
856 3520 938 3569 13.
981 3544 1044 3554 -
1095 3511 1159 3566 P.
1197 3518 1283 3566 49.
1322 3516 1389 3566 25
1436 3510 1775 3580 responderi
1817 3508 2030 3574 Davis,
2085 3505 2245 3572 Bait,
