2609 3884
715 156 851 210 ΜΒ.
887 156 957 213 Π.
1014 155 1168 211 CAP.
1208 164 1302 226 16,
1343 163 1425 212 17.
1477 163 1508 224 5
1547 165 1791 215 37-41.
2136 163 2267 227 343

239 316 543 383 Abducet
594 317 983 402 Patricoles,
1039 318 1228 383 credo
1238 367 1257 402 ,
1309 321 1384 383 ut
1438 319 1732 386 conlocet
1787 321 1859 385 in
1912 322 2134 409 cubili,
2192 327 2269 389 ut

239 406 475 472 volnus
524 405 793 490 obliget.
884 402 1210 491 Siquidem
1269 405 1465 471 homo
1514 411 1711 488 esset3
1768 409 1879 474 sed
1923 410 2088 475 1111111
2134 412 2267 477 vidi

239 494 479 560 minus.
569 493 838 570 Quaerit
883 495 1081 578 enim,
1127 493 1279 578 quid
1324 497 1542 560 actum
1587 496 1700 562 sit:

373 616 444 681 P.
500 616 912 701 Eloquere,
957 617 1348 700 eloquere,
1392 619 1513 682 res
1551 617 1926 703 Argivum
1962 623 2263 705 proelio

1477 708 1560 770 ut
1606 727 1690 770 se
1736 709 2088 774 sustinet.

186 817 214 858 s
376 790 455 856 E.
499 791 670 857 Non
716 792 926 876 potis
964 791 1207 858 ecfari
1250 791 1551 858 tantum
1598 795 1857 880 dictis,
1902 799 2265 880 quantum

1450 881 1690 948 factis
1738 886 2089 968 suppetit

509 966 858 1034 Laboris.

240 1108 515 1185 Quiesce
569 1109 770 1194 igitur
823 1112 890 1174 et
946 1110 1178 1175 volnus
1241 1110 1476 1195 adliga.
1564 1112 1847 1178 Etiamsi
1892 1113 2265 1199 Eurypylus

239 1199 496 1281 posset,
537 1218 669 1263 non
712 1201 937 1281 posset
981 1198 1294 1282 Aesopus,

373 1319 453 1384 E.
517 1302 666 1385 Ubi
746 1320 1064 1387 fortuna
1141 1319 1503 1386 Hectdris
1586 1326 1930 1388 nostram
2018 1346 2266 1391 acrem

1225 1409 1467 1474 aciem
1521 1409 1982 1476 inclinatam
2020 1461 2035 1476 .
2072 1462 2086 1477 .

161 1574 215 1616 ιο
240 1552 306 1614 et
343 1552 559 1614 cetera
597 1548 878 1633 explicat
913 1549 982 1614 in
1020 1549 1261 1615 dolore.
1336 1547 1443 1614 Sic
1480 1553 1581 1614 est
1618 1551 1792 1614 enim
1828 1551 2264 1636 intemperans

240 1636 548 1701 militaris
601 1637 671 1701 in
723 1637 884 1702 forti
937 1637 1079 1702 viro
1136 1637 1365 1722 gloria.
1460 1635 1641 1722 Ergo
1704 1638 1863 1703 haec
1921 1643 2264 1706 veteranus

239 1725 430 1789 miles
466 1723 676 1789 facere
712 1725 972 1810 poterit,
1011 1725 1240 1791 doctus
1267 1725 1369 1790 vir
1404 1725 1785 1809 sapiensque
1811 1748 1947 1792 non
1977 1728 2263 1810 poterit?

237 1812 360 1877 Ille
415 1833 568 1878 vero
622 1813 878 1897 meliuS,
934 1834 1008 1878 ac
1060 1835 1194 1878 11011
1244 1813 1440 1897 paulo
1497 1813 1771 1898 quidem.
1871 1811 1997 1879 Sed
2056 1815 2262 1880 adhuc
2299 1829 2369 1880 40

238 1900 318 1965 de
399 1901 862 1966 consuetudine
935 1901 1417 1967 exercitationis
1490 1902 1754 1985 loquor,
1825 1901 2112 1968 nondum
2185 1903 2262 1968 de

163 2013 212 2054 15
239 1989 495 2054 ratione
541 1992 608 2053 et
653 1988 991 2073 sapientia.
1073 1988 1386 2054 Aniculae
1432 2011 1623 2072 saepe
1668 1989 1952 2054 inediam
1996 1990 2264 2056 biduum

22 2135 24 2142 .
241 2080 357 2142 aut
399 2073 685 2141 triduum
728 2075 962 2143 ferunt.
1035 2075 1293 2143 Subduc
1339 2076 1555 2143 cibum
1595 2099 1797 2142 unum
1839 2077 2011 2143 diem
2058 2078 2262 2144 athle-

22 2157 27 2244 1
239 2169 377 2248 tae,
431 2163 653 2230 Iovem
696 2164 1102 2249 Olympium,
1157 2187 1303 2231 eum
1358 2165 1600 2250 ipsum,
1654 2166 1758 2231 cui
1803 2187 1873 2230 se
1924 2167 2263 2252 exercebit,

237 2253 623 2337 inplorabit,
668 2253 836 2318 ferre
870 2275 1002 2318 non
1037 2275 1229 2337 posse
1262 2275 1328 2320 se
1362 2253 1690 2320 clamabit.
1761 2251 2264 2322 consuetudinis

239 2361 484 2426 magna
526 2341 626 2406 vis
672 2345 788 2407 est.
859 2341 1254 2408 Pernoctant
1297 2344 1639 2408 venatores
1679 2342 1748 2407 in
1782 2343 1929 2408 nive
1975 2344 2045 2407 in
2083 2365 2262 2408 mon-

157 2454 212 2496 to
238 2429 445 2514 tibus,
508 2430 609 2493 uri
669 2451 738 2494 se
791 2430 1126 2513 patiuntur
1180 2428 1354 2514 Indi,
1412 2430 1665 2515 pugiles
1727 2430 2053 2495 caestibus
2114 2451 2261 2495 con-

237 2518 372 2582 tusi
425 2539 508 2582 110
561 2517 1007 2602 ingemescunt
1060 2517 1335 2603 quidem.
1434 2515 1560 2582 Sed
1613 2517 1766 2601 quid
1817 2517 1968 2601 hos,
2026 2517 2261 2601 quibus
2297 2529 2365 2582 41

241 2604 695 2690 Olympiorum
738 2605 1014 2671 victoria
1059 2607 1433 2672 consulatus
1470 2605 1581 2668 ille
1620 2605 1918 2688 antiquus
1964 2604 2262 2671 videtur?

240 2694 667 2779 gladiatores,
730 2695 845 2758 aut
909 2693 1151 2779 perditi
1211 2693 1511 2759 homines
1576 2696 1690 2757 aut
1751 2692 2040 2775 barbari,
2104 2715 2263 2777 quas

238 2783 473 2867 plagas
529 2781 888 2866 perferunt!
951 2803 1078 2867 quo
1136 2781 1329 2847 modo
1390 2780 1517 2865 illi,
1580 2780 1690 2865 qui
1753 2780 1915 2846 bene
1978 2781 2264 2846 instituti

159 2894 211 2936 2⁵
239 2873 422 2954 sunt,
475 2869 764 2954 accipere
818 2870 1080 2956 plagam
1133 2870 1388 2936 malunt
1440 2889 1631 2954 quam
1685 2868 1964 2953 turpiter
2026 2870 2261 2973 vitare!

238 2979 666 3112 11ξὲἲείἷίΞὲ
697 2980 830 3110 &511⁰
835 2957 2263 3132 {rffssuissffi‘ssssssssfflffassussfflssibflssffli

237 3135 394 3202 fecti
439 3133 523 3199 ad
567 3133 892 3218 dominos,
950 3135 1059 3218 qui
1106 3137 1446 3219 quaerant,
1504 3134 1659 3218 quid
1702 3134 1931 3219 velint3
1988 3135 2045 3199 si
2102 3134 2262 3198 satis

236 3223 317 3288 iis
371 3221 619 3288 factum
674 3223 789 3307 sit,
843 3243 911 3288 se
964 3223 1130 3288 velle
1195 3222 1595 3288 decumbere.
1699 3220 1858 3299 Quis
1922 3221 2262 3286 mediocris

158 3333 212 3376 ιο
239 3310 569 3397 gladiator
630 3310 976 3396 ingemuit,
1050 3309 1194 3395 quis
1257 3311 1510 3375 vultum
1573 3310 1851 3374 mutavit
1911 3306 2263 3393 umquam?

237 3399 384 3485 quis
429 3420 565 3464 non
607 3399 799 3465 modo
837 3399 1047 3483 stetit,
1090 3419 1313 3464 verum
1353 3398 1549 3462 etiam
1595 3396 1900 3462 decubuit
1935 3393 2259 3479 turpiter?

237 3487 410 3572 quis,
455 3507 602 3552 cum
649 3486 1082 3569 decubuisset,
1133 3485 1379 3550 ferrum
1422 3484 1706 3568 recipere
1756 3485 1972 3548 iussus
2018 3482 2257 3547 collum
