2609 3884
344 120 386 183 2
975 119 1339 174 ARGUMEN
1340 119 1501 173 TUM
1533 119 1669 173 LIB.
1707 120 1748 174 Ι.

342 279 636 349 probaret,
671 280 817 333 hanc
854 279 1036 347 ipsam
1066 277 1454 346 quaestionem
1486 277 1571 332 ita
1607 278 1680 332 ad
1711 278 2023 333 Varronem
2056 279 2372 347 transtulit,

344 351 432 416 ut,
481 350 630 418 quod
682 349 897 403 duobus
933 347 1095 402 libris
1133 348 1455 402 absolverat
1490 350 1905 418 argumentum,
1950 349 2063 402 iam
2100 350 2373 417 quattuor

343 419 503 474 libris
555 421 882 489 exponeret,
931 434 1042 486 qua
1088 418 1157 472 de
1206 434 1269 472 re
1313 418 1495 473 multa
1539 419 1757 472 confert
1800 436 1925 473 cum
1970 419 2191 486 Attico,
2234 419 2370 474 vide

345 492 697 560 epistolarum
733 490 808 544 ad
837 489 1084 543 Atticum
1118 487 1217 543 lib.
1245 488 1377 542 XIII
1414 504 1501 558 ep.
1532 494 1597 542 12
1638 494 1668 553 ξ
1697 494 1755 556 3,
1792 506 1879 558 ep.
1911 495 1976 543 13
2014 494 2045 554 ὅ
2084 496 2141 557 1,
2179 505 2266 560 ep.
2301 497 2369 545 16

345 567 375 627 ἓ
420 568 476 630 1,
515 578 600 630 ep.
642 565 707 614 19
751 565 781 624 ἓ
818 564 878 628 3,
926 575 1012 629 ep.
1053 564 1121 613 25
1159 563 1190 624 ἓ
1227 564 1260 612 3
1298 560 1358 612 et
1393 559 1535 613 conf.
1586 558 1917 624 Quintiliani
1960 561 2195 616 institut.
2228 565 2370 614 orat.

342 631 382 687 1.
422 648 465 686 c.
523 630 680 685 Misit
732 628 908 684 etiam
952 629 1057 683 hos
1111 630 1379 697 quattuor
1423 628 1597 683 libros
1643 629 1718 682 ad
1762 629 1835 682 M.
1883 630 2196 684 Varronem
2240 647 2369 684 cum

345 701 613 771 epistola,
663 715 806 770 quae
843 699 1054 768 legitur
1099 700 1174 754 ad
1217 700 1524 766 familiares
1570 698 1667 754 lib.
1706 699 1785 753 IX
1820 715 1905 769 ep.
1946 704 1996 754 8.
2076 702 2199 756 Iam
2234 718 2369 755 casu

342 772 558 827 factum
594 772 706 837 est,
750 772 816 824 ut
860 770 1109 838 priorum
1157 769 1387 824 illorum
1432 769 1891 825 Academicorum
1944 787 2059 825 non
2112 773 2371 826 servatus

347 842 421 896 sit
454 841 565 896 nisi
609 842 756 896 alter
788 839 962 907 liber,
1005 840 1382 910 posteriorum
1425 841 1614 895 autem
1650 841 2109 895 Academicorum
2152 841 2369 912 primus

344 912 490 967 liber
514 912 674 980 isque
701 910 934 965 mutilus
962 911 1037 964 ad
1062 926 1164 964 nos
1191 911 1526 980 pervenerit.
1577 910 1644 964 In
1667 911 1777 965 hoo
1804 911 2371 966 Academicorum

344 981 808 1052 posteriorum
841 981 930 1034 fra
1028 982 1158 1034 ento
1193 982 1327 1050 post
1362 980 1675 1047 exordium,
1725 998 1832 1050 quo
1870 981 2063 1036 Cicero
2101 982 2173 1037 de
2208 981 2371 1036 insti-

344 1056 470 1107 tuto
508 1050 901 1122 philosophiae
986 1051 1154 1104 atinis
1196 1050 1403 1106 litteris
1438 1051 1803 1106 illustrandae
1842 1052 1964 1121 agit
2000 1053 2059 1106 et
2094 1052 2372 1107 sermonis

345 1122 673 1178 instituendi
730 1121 1079 1176 occasionem
1134 1122 1485 1176 demonstrat
1538 1138 1583 1176 c.
1634 1129 1663 1176 1
1680 1153 1741 1161 —
1754 1128 1813 1190 3,
1875 1124 2052 1177 Varro
2105 1123 2375 1192 primum,

345 1194 476 1248 inde
505 1209 540 1246 a
567 1193 797 1248 Socrate
825 1193 1086 1262 repetens
1113 1208 1288 1260 usque
1318 1193 1393 1246 ad
1419 1192 1744 1258 Arcesilam,
1770 1192 2167 1262 philosophiae
2194 1193 2371 1248 ratio-

346 1280 476 1388 ιόεῐη
513 1262 741 1388 θιὲοηέίι
777 1279 823 1343 c.
844 1269 895 1386 ἓ
907 1267 1083 1387 -813,
1121 1262 1325 1317 deinde
1353 1261 1547 1344 Cicero
1557 1262 1655 1388 xarab
1693 1263 1963 1387 Arcesilail
1978 1263 2189 1388 ineipflt
2213 1265 2374 1390 etSin

392 1349 564 1388 arnea
605 1349 634 1388 e
723 1350 861 1388 esim
891 1375 902 1386 .
1016 1349 1204 1386 umma
1249 1349 1522 1388 sermoms
1610 1349 1891 1388 arromam
1966 1350 2065 1388 aec
2102 1352 2161 1388 es
2198 1356 2212 1388 ε
2312 1351 2372 1390 o·

349 1405 561 1460 cratem
604 1402 848 1473 primum
891 1403 1142 1472 coepisse
1191 1403 1263 1457 de
1312 1403 1559 1460 moribus
1609 1403 1789 1474 magis
1845 1421 2014 1473 quam
2058 1405 2153 1460 de·
2178 1420 2371 1459 rerum

346 1477 550 1530 natura
586 1474 871 1544 disputare
919 1475 1089 1542 atque
1137 1474 1198 1528 in
1234 1473 1491 1529 omnibus
1527 1474 1871 1529 sermonibus
1908 1493 2069 1528 usum
2105 1490 2227 1530 esse
2264 1475 2373 1530 illa

349 1544 626 1620 εἰρωνείᾳ,
664 1561 774 1613 qua
809 1543 952 1598 nihil
979 1560 1038 1598 se
1068 1544 1210 1600 scire
1248 1545 1463 1599 diceret
1486 1544 1598 1598 nisi
1622 1544 1765 1610 nihil
1798 1561 1856 1599 se
1893 1545 2051 1599 scire.
2111 1545 2371 1600 Platonis

349 1617 541 1670 autem
595 1613 870 1670 Socratici
923 1614 1259 1671 auctoritate
1313 1631 1483 1669 unam
1547 1616 1606 1670 et
1658 1615 2097 1670 consentientem
2151 1616 2373 1672 duobus

346 1685 640 1741 vocabulis
665 1685 1057 1756 philosophiae
1092 1686 1333 1740 formam
1368 1685 1684 1740 institutam
1720 1701 1867 1755 esse,
1903 1685 2371 1741 Academicorum

349 1758 408 1811 et
459 1755 986 1827 Peripateticorum,
1050 1755 1147 1825 qui
1200 1757 1413 1810 certam
1466 1757 1525 1809 et
1579 1756 1918 1824 completam
1972 1756 2371 1827 philosophiae

347 1827 645 1882 formulam
681 1826 1110 1896 composuerint,
1149 1825 1249 1881 sed
1278 1824 1623 1880 Socraticam
1661 1825 2069 1881 dubitationem
2101 1829 2161 1881 et
2188 1827 2371 1882 omni-

347 1898 452 1952 bus
499 1897 568 1951 de
613 1899 780 1952 rebus
825 1896 944 1950 sine
990 1895 1323 1951 adsensione
1362 1894 1689 1965 disputandi
1732 1897 2191 1952 consuetudinem
2235 1898 2370 1952 reli-

351 1966 572 2034 querint
629 1969 799 2034 atque
852 1966 937 2020 ita
989 1967 1170 2020 artem
1213 1965 1611 2035 philosophiae
1656 1964 1945 2021 effecerint
1979 1968 2049 2035 (c.
2088 1971 2162 2037 4).
2244 1969 2370 2022 Tri-

348 2037 556 2106 plicem
611 2038 801 2090 autem
850 2035 1022 2090 fuisse
1065 2035 1504 2105 philosophandi
1548 2035 1849 2104 rationem,
1903 2054 2075 2093 unam
2130 2039 2197 2094 dc
2248 2040 2373 2094 vita

350 2111 401 2162 et
441 2107 708 2171 moribus,
757 2120 901 2174 quae
948 2121 983 2159 a
1026 2107 1230 2160 natura
1270 2107 1581 2174 peteretur,
1632 2105 1723 2161 cui
1765 2107 2073 2176 parendum
2086 2150 2101 2176 ,
2148 2108 2210 2164 in
2254 2126 2371 2177 qua

351 2193 625 2231 summum
676 2175 888 2230 bonum
942 2176 1323 2243 quaerendum
1370 2175 1623 2232 dicerent
1666 2179 1733 2246 (c.
1782 2182 1814 2231 5
1833 2182 1994 2248 -6),
2044 2180 2110 2234 de
2155 2185 2373 2234 natura

351 2249 595 2313 alteram,
632 2262 774 2314 quae
803 2245 1179 2300 contineretur
1215 2246 1510 2302 effectione
1544 2249 1604 2302 et
1632 2247 1890 2315 materia,
1927 2265 2094 2317 quam
2128 2249 2372 2320 fingeret

352 2320 411 2372 et
444 2317 717 2372 formaret
762 2315 984 2371 effectio
1029 2318 1100 2386 (c.
1130 2322 1188 2386 7,
1226 2317 1355 2372 coll.
1386 2334 1432 2372 c.
1472 2321 1553 2386 2),
1589 2319 1833 2387 tertiam,
1878 2335 2018 2386 quae
2053 2321 2119 2374 in
2152 2322 2371 2376 ratione

350 2393 402 2443 et
435 2388 742 2444 disserendo
786 2388 1132 2454 versaretur,
1176 2405 1212 2443 a
1261 2387 1514 2443 sensibus
1560 2388 1788 2456 quidem
1831 2389 2082 2457 ductam,
2133 2390 2232 2446 sed
2266 2391 2369 2461 ita,

349 2460 416 2513 ut
467 2457 738 2514 iudicium
791 2457 1048 2516 veritatis
1101 2473 1216 2518 non
1257 2458 1599 2514 tribueretur
1649 2459 1759 2515 nisi
1801 2459 1999 2526 menti,
2046 2476 2190 2528 quae
2244 2462 2371 2518 sola

353 2531 626 2598 cerneret,
677 2529 818 2597 quid
859 2545 1080 2598 semper
1124 2530 1271 2584 esset
1316 2528 1552 2600 simplex
1604 2532 1664 2584 et
1714 2529 1878 2586 unius
1921 2529 2079 2584 modi
2121 2535 2179 2586 et
2224 2533 2371 2600 tale,

352 2600 520 2669 quale
557 2602 730 2669 esset,
770 2616 936 2669 quam
971 2599 1136 2656 ἰδέαν
1174 2601 1575 2670 appellavisset
1608 2600 1792 2658 Plato.
1851 2601 2085 2656 Omnem
2121 2619 2157 2657 a
2193 2602 2369 2656 sensi-

351 2673 456 2727 bus
500 2671 729 2726 ductam
774 2671 1151 2740 cognitionem
1199 2671 1542 2740 opinabilem
1593 2673 1814 2726 tantum
1870 2687 2016 2740 esse,
2070 2672 2370 2730 scientiam

351 2743 576 2796 tantum
617 2741 678 2794 in
721 2741 1061 2796 motionibus
1105 2741 1278 2795 animi
1321 2743 1379 2795 et
1412 2741 1724 2797 rationibus
1759 2742 1942 2796 inesse
1980 2743 2049 2812 (c.
2086 2747 2157 2810 8).
2239 2744 2368 2798 Ari-

354 2811 613 2865 stotelem
675 2809 876 2864 deinde
939 2810 1182 2879 primum
1236 2810 1396 2873 ἰδέας
1456 2811 1853 2878 labefactasse,
1917 2813 2369 2884 Theophrastum

351 2881 529 2936 vitam
572 2881 800 2936 beatam
841 2880 906 2934 in
940 2880 1061 2934 sola
1104 2880 1314 2934 virtute
1352 2896 1473 2934 esse
1522 2881 1766 2948 positam
1813 2897 2068 2952 negasse.
2150 2884 2368 2940 Strato-

350 2966 481 3006 nem
515 2951 701 3004 totum
737 2964 797 3002 se
833 2948 907 3002 ad
942 2951 1174 3003 naturae
1204 2948 1605 3004 obscuritatem
1636 2952 1936 3008 contulisse
1966 2955 2033 3024 (c.
2065 2957 2135 3024 9).
2191 2955 2368 3011 Zeno-

351 3037 482 3076 nem
519 3021 732 3087 autem,
769 3018 1124 3087 disciplinam
1152 3019 1431 3088 corrigere
1471 3022 1758 3087 conatum,
1794 3022 2038 3092 plurima
2061 3023 2122 3078 in
2155 3025 2369 3096 triplici

351 3091 454 3146 illa
479 3089 698 3144 ratione
721 3104 959 3144 novasse
987 3089 1057 3157 (c.
1091 3093 1337 3160 10-11).
1384 3091 1528 3144 Tum
1553 3107 1690 3145 vero
1717 3091 1928 3147 Zenoni
1952 3110 2011 3148 se
2041 3096 2368 3165 opposuisse

351 3159 679 3227 Arcesilam,
714 3174 900 3214 rerum
928 3158 1269 3214 obscuritate
1296 3163 1657 3230 commotum,
1691 3164 1753 3217 et
1784 3179 2078 3220 revocasse
2115 3169 2369 3224 veterem

351 3232 512 3286 illam
566 3229 822 3285 omnibus
882 3230 952 3285 de
1003 3229 1170 3284 rebus
1237 3230 1533 3286 dubitandi
1593 3234 2052 3289 consuetudinem
2112 3235 2368 3306 nihilque

353 3302 558 3356 dixisse
595 3300 726 3356 sciri
760 3317 949 3371 posse,
994 3317 1065 3356 ne
1099 3300 1162 3355 id
1196 3301 1383 3371 ipsum
1420 3301 1671 3371 quidem,
1718 3305 1869 3372 quod
1905 3305 2163 3360 Socrates
2208 3322 2367 3363 exce-

352 3372 556 3442 pisset,
602 3372 672 3428 cf.
708 3371 806 3426 lib.
845 3373 898 3426 H
934 3389 980 3428 c.
1019 3377 1104 3427 24.
1184 3371 1347 3427 Hanc
1382 3388 1502 3428 esse
1536 3373 1897 3428 Academiam
1930 3391 2137 3429 novam
2172 3379 2368 3448 appel-

352 3443 527 3498 latam
564 3444 623 3498 et
657 3442 732 3498 ad
769 3441 1112 3499 Carneadem
1146 3442 1479 3512 perductam
1516 3444 1583 3510 (c.
1626 3448 1729 3512 12).
1807 3443 2006 3499 Cetera
2043 3444 2257 3501 desunt.
