2609 3884
628 157 765 214 ΜΒ.
803 158 874 214 11.
929 145 1221 230 (11Ρᾷ11,
1261 165 1344 217 10.
1402 165 1432 227 s
1470 165 1715 218 55—60.
2090 161 2177 226 47

135 320 344 386 nobis
385 320 545 385 satis
584 323 686 386 est
721 343 845 387 ova
888 321 1006 385 illa
1038 342 1172 386 0011
1207 322 1657 387 internoscere.
1732 321 1957 389 Nihilo
2006 323 2179 389 enim

141 409 368 494 magis
418 409 732 474 adsentiri
774 430 895 493 par
937 414 1028 474 est
1071 415 1190 475 hoc
1233 410 1399 474 illud
1445 432 1613 494 esse,
1667 432 1862 495 quam
1908 411 1965 476 si
2008 411 2180 477 inter

139 497 267 561 illa
327 497 592 562 omnino
645 497 810 562 011111
874 496 1235 562 interesset.
1342 496 1571 564 Habeo
1636 498 1807 564 enim
1867 500 2179 584 regulam,

141 588 225 648 ut
286 585 453 649 talia
516 585 660 651 visa
721 607 876 651 vera
935 585 1240 670 iudicem,
1312 587 1536 670 qualia
1596 585 1764 652 falsa
1836 609 1975 652 0000
2044 609 2180 653 000

87 697 116 738 5
144 672 439 756 possint3
489 673 572 738 ab
616 674 743 738 hac
787 672 951 738 101111
985 695 1119 739 0011
1155 674 1311 739 licet
1343 678 1813 759 transversum,
1858 679 1933 740 ut
1978 676 2179 760 aiunt,

147 760 436 845 digitum
481 761 834 846 discedere,
892 783 975 826 ne
1023 761 1414 827 confundam
1462 763 1699 828 omnia.
1794 726 1959 832 Veri
2003 765 2179 828 enim

147 851 216 912 et
257 848 417 913 falsi
452 871 587 914 000
622 849 817 915 010ᾱο
865 850 1182 951 cognitio,
1229 850 1344 914 sed
1382 849 1580 914 etiam
1616 855 1852 916 natura
1894 852 2178 937 tolletur,

147 937 207 1001 si
263 936 431 1001 nihil
477 937 626 1016 erit,
683 937 857 1022 quod
907 937 1193 1022 intersit3
1250 941 1328 1004 ut
1372 937 1570 1003 etiam
1618 939 1781 1003 illud
1826 938 2178 1004 absurdum

146 1025 268 1108 sit,
315 1024 490 1107 quod
533 1024 859 1090 interdum
894 1025 1120 1090 soletis
1155 987 1395 1110 dicere,
1440 1047 1585 1091 cum
1625 1026 1768 1091 visa
1811 1026 1882 1091 in
1926 1027 2176 1092 animos

57 1139 116 1178 ιο
143 1112 641 1197 imprimantur,
711 1134 845 1178 non
915 1135 1032 1179 vos
1103 1113 1174 1178 id
1251 1114 1494 1198 dicere,
1564 1114 1734 1178 inter
1804 1115 1986 1198 ipsas
2057 1115 2176 1180 im-

140 1200 520 1284 pressiones
574 1200 740 1265 nihil
793 1201 1134 1286 interesse,
1189 1203 1302 1266 sed
1356 1203 1527 1266 inter
1581 1201 1827 1286 species
1873 1205 1941 1267 et
1994 1225 2180 1288 quas-

144 1289 303 1353 dam
347 1288 592 1353 formas
639 1310 883 1354 eorum.
956 1288 1158 1366 Quasi
1201 1310 1355 1355 vero
1392 1311 1528 1355 non
1574 1290 1787 1374 specie
1827 1291 1971 1356 1100
2014 1290 2177 1355 iudi-

142 1378 403 1442 centur!
458 1397 624 1460 quae
676 1376 870 1440 fidem
920 1377 1174 1441 nullam
1219 1377 1566 1442 habebunt
1622 1378 1883 1443 sublata
1930 1379 2070 1444 1011
2114 1382 2180 1443 et

138 1463 302 1529 falsi
345 1468 524 1530 nota.
596 1463 768 1529 Illud
803 1486 956 1530 1010
992 1464 1491 1550 perabsurdum,
1536 1466 1709 1548 quod
1750 1466 1985 1550 dicitis,
2028 1487 2176 1551 pro·
2212 1477 2282 1528 59

55 1577 113 1618 15
141 1551 404 1617 habilia
447 1573 565 1618 vos
612 1553 825 1637 sequi,
881 1553 939 1617 si
991 1553 1175 1618 nulla
1217 1574 1288 1617 10
1333 1553 1795 1636 impediamini.
1888 1553 2179 1619 Primum

141 1641 260 1725 qui
319 1640 599 1723 potestis
662 1662 796 1706 000
857 1639 1186 1726 impediri,
1262 1662 1408 1706 cum
1474 1664 1513 1706 a
1573 1642 1743 1707 veris
1814 1642 1983 1706 falsa
2045 1664 2179 1708 000

142 1726 435 1794 distent?
515 1729 743 1794 deinde
825 1729 999 1813 quod
1067 1729 1377 1795 iudicium
1452 1732 1553 1794 est
1623 1730 1787 1815 veri,
1871 1751 2020 1794 cum
2092 1731 2181 1795 sit

143 1838 494 1882 commune
562 1815 766 1882 falsi?
871 1815 977 1881 Ex
1046 1817 1151 1882 his
1223 1817 1345 1882 illa
1414 1818 1777 1883 necessario
1849 1822 2009 1883 nata
2079 1822 2179 1883 est

144 1901 386 1988 ἐποχή,
431 1904 500 1969 id
544 1906 647 1970 est
691 1904 1094 1970 adsensionis
1138 1906 1415 1970 retentio
1426 1956 1444 1989 ‚
1488 1906 1560 1970 in
1604 1927 1733 1990 qua
1774 1906 2002 1971 melius
2050 1907 2178 1972 sibi

57 2020 114 2060 20
143 1993 449 2058 constitit
501 1991 859 2077 Arcesilas,
914 1994 972 2058 si
1024 2015 1180 2059 vera
1234 1997 1413 2077 sunt,
1478 2015 1641 2078 quae
1706 1995 1783 2060 de
1847 1991 2177 2060 Carneade

139 2103 278 2146 non
333 2081 502 2145 nulli
552 2081 950 2146 existimant.
1048 2079 1119 2146 Si
1172 2082 1345 2146 enim
1398 2082 1650 2166 percipi
1711 2082 1877 2148 nihil
1941 2086 2177 2166 potest,

143 2169 324 2254 quod
367 2168 624 2253 utrique
658 2169 871 2234 visum
909 2173 1038 2251 est,
1083 2169 1408 2234 tollendus
1456 2169 1767 2235 adsensus
1813 2174 1929 2235 est.
2006 2171 2177 2248 Quid

145 2257 326 2322 enim
373 2260 474 2321 est
529 2260 667 2321 tam
721 2258 970 2344 futtile,
990 2279 1187 2342 quam
1247 2257 1591 2342 quicquam
1639 2257 1997 2343 adprobare
2044 2280 2176 2324 000

147 2344 534 2428 cognitum?
628 2343 1027 2410 Carneadem
1073 2348 1292 2409 autem
1338 2346 1537 2409 etiam
1580 2346 1721 2410 11011
1756 2346 2176 2413 audiebamus

65 2459 117 2500 25
148 2434 420 2499 solitum
456 2453 597 2498 esse
623 2453 692 2498 eo
729 2433 944 2498 delabi
979 2432 1324 2518 interdum,
1360 2437 1437 2498 ut
1471 2434 1713 2500 diceret
1744 2435 2177 2518 opinaturum,

144 2522 217 2586 id
273 2525 378 2585 est
421 2523 864 2604 peccaturum,
917 2541 1056 2586 esse
1103 2521 1483 2604 sapientem.
1580 2521 1748 2586 Mihi
1805 2544 2002 2606 porro
2045 2543 2180 2586 000
2266 2598 2279 2610 .

146 2614 289 2674 tam
337 2613 588 2672 certum
634 2612 734 2673 est
785 2629 925 2673 esse
970 2608 1242 2693 aliquid,
1296 2609 1469 2694 quod
1523 2610 1895 2693 comprendi
1949 2609 2179 2693 possit,

149 2698 230 2761 de
275 2717 404 2782 quo
453 2696 585 2770 iam
628 2696 904 2762 nimium
951 2697 1148 2761 etiam
1193 2697 1303 2761 diu
1348 2697 1606 2781 disputo
1620 2748 1639 2780 ,
1684 2719 1881 2782 quam
1926 2697 2179 2782 sapien-

147 2789 285 2849 tem
330 2783 500 2848 nihil
547 2784 826 2868 opinari,
879 2785 947 2849 id
1001 2789 1103 2849 est
1151 2807 1510 2869 numquam
1567 2785 1879 2850 adsentiri
1922 2786 2019 2851 rei
2077 2787 2180 2850 vel

73 2899 124 2939 ao
148 2872 356 2936 falsae
402 2873 506 2936 vel
549 2872 936 2957 incognitae.
1023 2873 1256 2938 Restat
1298 2873 1489 2957 illud,
1535 2873 1708 2958 quod
1753 2874 2000 2955 dicunt,
2045 2875 2179 2939 veri
2216 2887 2283 2936 60

149 2959 529 3026 inveniundi
599 2981 797 3026 causa
849 2964 1074 3025 contra
1130 2961 1354 3026 omnia
1400 2961 1526 3027 dici
1580 2965 1878 3045 oportere
1934 2966 1999 3027 et
2060 2984 2177 3045 pro

153 3048 476 3114 omnibus.
573 3047 745 3114 Volo
799 3049 1004 3132 igitur
1048 3049 1291 3133 videre,
1350 3050 1505 3134 quid
1552 3050 1934 3115 invenerint.
2022 3049 2180 3115 Non

153 3137 466 3220 solemus,
515 3135 753 3221 inquit,
799 3137 1152 3201 ostendere.
1197 3173 1282 3184 —-
1332 3137 1509 3214 Quae
1552 3142 1704 3202 sunt
1747 3138 2007 3202 tandem
2052 3138 2181 3202 ista

152 3223 515 3309 mysteria?
571 3227 685 3288 aut
739 3246 852 3289 cur
905 3225 1155 3305 0010110,
1214 3226 1403 3310 quasi
1454 3229 1645 3310 turpe
1700 3226 1971 3310 aliquid,
2038 3246 2178 3289 sen-

82 3337 130 3379 05
154 3313 433 3378 tentiam
476 3312 807 3378 vestram?
857 3348 942 3359 —-
987 3312 1106 3397 Ut,
1152 3315 1264 3398 qui
1306 3314 1595 3398 audient,
1639 3315 1880 3398 inquit,
1927 3312 2178 3378 ratione

153 3401 374 3486 potius
422 3422 619 3486 quam
655 3401 1040 3466 auctoritate
1078 3403 1412 3467 ducantur.
1459 3437 1544 3448 —-
1593 3403 1789 3485 Quid,
1836 3401 1893 3465 si
1930 3404 2177 3465 utrum—

153 3491 322 3574 que?
367 3511 527 3556 num
574 3489 756 3572 peius
804 3490 947 3554 est‘?
1035 3488 1254 3555 Unum
1299 3493 1520 3555 tamen
1564 3490 1724 3555 illud
1767 3510 1898 3553 non
1946 3487 2176 3569 celant,
