2609 3884
267 3066 330 3114 13

369 164 504 228 240
691 163 789 218 DE
826 161 1118 218 FINIBUS
1153 161 1515 217 BONORUM
1551 160 1646 215 ET
1682 160 2049 216 MALORUM

369 325 727 410 principem
797 344 920 390 esse
990 324 1385 407 conveniret,
1465 324 1759 407 pluribus
1829 326 2166 407 praeterea
2239 345 2387 388 con-

372 415 761 497 scripsisset,
808 414 919 497 qui
966 416 1139 477 esset
1175 413 1459 495 optimus
1505 412 1598 475 rei
1642 412 1943 495 publicae
1991 415 2217 494 status,
2262 411 2388 476 hoc

369 502 651 586 amplius
724 500 1237 585 Theophrastus:
1312 521 1475 584 quae
1548 503 1764 564 essent
1836 500 1906 563 in
1981 522 2051 563 re
2122 500 2389 583 publica

369 612 584 654 rerum
646 590 1098 653 inclinationes
1166 591 1232 653 et
1292 591 1622 652 momenta
1685 592 2077 671 temporum,
2150 587 2385 672 quibus

371 680 542 743 esset
594 677 1082 761 moderandum,
1136 681 1479 760 utcumque
1542 697 1645 740 res
1708 676 2088 760 postularet.
2192 674 2388 739 Vitae
2414 700 2443 741 5

372 771 590 831 autem
652 765 974 850 degendae
1038 766 1205 829 ratio
1270 765 1550 828 maxime
1613 764 1744 827 illis
1810 764 2066 849 quidem
2138 764 2390 847 placuit

371 854 614 939 quieta,
661 854 729 916 in
775 853 1319 936 contemplatione
1366 855 1433 915 et
1478 851 1849 936 cognitione
1892 851 2109 935 posita
2153 872 2387 935 rerum,

372 962 537 1026 quae
583 941 736 1025 quia
782 941 1044 1004 deorum
1089 941 1262 1004 vitae
1310 944 1450 1004 erat
1496 940 1853 1023 simillima,
1907 940 2200 1023 sapiente
2243 940 2390 1004 visa

373 1032 476 1093 est
519 1028 918 1113 dignissima.
1009 1028 1224 1111 Atque
1282 1028 1387 1092 his
1433 1028 1510 1092 de
1556 1028 1747 1091 rebus
1795 1032 1861 1092 et
1907 1028 2243 1111 splendida
2289 1032 2390 1092 est

373 1138 596 1181 eorum
644 1120 710 1180 et
752 1116 1025 1180 illustris
1074 1116 1299 1181 oratio.
2421 1146 2472 1182 ιο

504 1204 604 1268 De
642 1226 894 1269 summo
933 1207 1150 1268 autem
1196 1205 1368 1269 bono
1416 1204 1569 1288 quia
1614 1204 1743 1270 duo
1786 1226 2025 1290 genera
2068 1204 2391 1270 librorum

373 1295 552 1371 sunt,
616 1314 817 1356 unum
878 1293 1280 1375 populariter
1346 1293 1686 1376 scriptum,
1761 1293 1930 1377 quod
2000 1289 2391 1376 ἐξωτερικόν

370 1381 814 1552 ffiffffl’
836 1380 1745 1552 affiessffipfffflssss’dffi}
1779 1381 2389 1534 ἱῗᾱὲἕὲῗθὲξῗῗὲ

372 1579 623 1621 summa
684 1518 903 1621 tamen
965 1557 1111 1639 ipsa
1175 1559 1289 1620 aut
1350 1556 1633 1621 varietas
1690 1559 1791 1620 est
1842 1557 1981 1621 ulla
2034 1519 2203 1640 apud
2260 1557 2382 1621 hos
2416 1583 2472 1625 15

372 1645 647 1729 quidem,
684 1666 842 1729 quos
878 1644 1229 1728 nominavi,
1276 1648 1390 1708 aut
1426 1645 1596 1708 inter
1631 1645 1808 1727 ipsos
1853 1644 2189 1710 dissensio.
2264 1642 2391 1709 Sed

372 1754 519 1797 cum
565 1732 758 1797 beata
802 1732 938 1796 vita
982 1736 1329 1816 quaeratur
1384 1732 1576 1815 idque
1624 1732 1711 1795 sit
1756 1754 1983 1814 unum,
2037 1732 2209 1817 quod
2252 1732 2391 1816 phi-

370 1820 674 1904 losophia
717 1824 1008 1904 spectare
1055 1823 1122 1885 et
1180 1820 1360 1903 sequi
1413 1819 1672 1903 debeat,
1728 1821 1894 1884 sitne
1942 1842 2019 1884 ea
2071 1824 2215 1885 tota
2262 1822 2391 1885 sita

369 1908 440 1971 in
491 1911 817 1990 potestate
873 1907 1181 1992 sapientis
1247 1930 1334 1971 an
1394 1909 1606 1991 possit
1670 1911 1783 1972 aut
1835 1908 2217 1973 labefactari
2277 1913 2391 1973 aut

370 1995 542 2145 {3}ssssss
596 1996 1192 2147 {ssusaaffissssi
1237 1996 1499 2149 ifidStZr
1520 1998 2394 2159 ω’ὸῃὲἒᾞὲῗὲζὲῗὲῖἶῖ
2418 2025 2474 2064 ²⁰

370 2168 809 2253 Theophrasti
865 2169 943 2233 de
997 2170 1191 2234 beata
1235 2171 1373 2235 vita
1418 2171 1610 2255 liber,
1665 2173 1737 2236 in
1782 2195 1909 2256 quo
1956 2174 2235 2237 multum
2284 2174 2393 2237 ad-

370 2257 634 2321 modum
678 2257 978 2321 fortunae
1025 2258 1230 2321 datur.
1322 2258 1509 2334 Quod
1565 2260 1623 2324 si
1665 2261 1761 2324 ita
1816 2282 1885 2324 se
1929 2260 2199 2345 habeat,
2258 2283 2394 2327 non

368 2345 582 2428 possit
625 2344 886 2409 beatam
932 2345 1134 2409 vitam
1179 2350 1509 2430 praestare
1557 2348 1895 2431 sapientia.
2000 2348 2197 2413 Haec?
2224 2350 2390 2413 mihi

370 2433 626 2497 videtur
696 2433 1062 2517 delicatior,
1135 2439 1210 2498 ut
1279 2433 1375 2499 ita
1448 2436 1685 2520 dicam,
1748 2436 2133 2521 molliorque
2196 2438 2389 2522 rati0,
2420 2464 2472 2505 25

372 2543 567 2605 quam
618 2520 879 2586 virtutis
933 2522 1031 2586 vis
1087 2523 1499 2607 gravitasque
1557 2525 1865 2606 postulat.
1957 2524 2165 2600 Quare
2211 2529 2390 2589 tene-

371 2632 555 2674 amus
615 2609 1036 2675 Aristotelem
1097 2613 1164 2673 et
1217 2611 1354 2674 eius
1408 2611 1613 2675 filium
1657 2610 2153 2692 Nicomachum,
2204 2614 2389 2679 cuius

370 2701 666 2762 accurate
714 2698 938 2781 scripti
982 2698 1060 2762 de
1098 2699 1387 2763 moribus
1434 2698 1589 2763 libri
1635 2699 1935 2764 dicuntur
1977 2701 2078 2764 illi
2126 2701 2389 2785 quidem

371 2806 510 2849 esse
556 2785 929 2869 Aristoteli,
977 2786 1088 2851 sed
1124 2808 1256 2850 non
1292 2786 1507 2870 video,
1553 2808 1666 2851 cur
1710 2810 1841 2852 non
1884 2789 2171 2871 potuerit
2213 2792 2387 2873 patri

371 2872 605 2935 similis
653 2894 792 2936 esse
837 2874 1026 2938 filius.
1116 2874 1640 2958 Theophrastum
1694 2879 1917 2940 tamen
1964 2876 2384 2943 adhibeamus
2415 2906 2471 2945 so

369 2958 451 3021 ad
515 2959 848 3043 pleraque,
916 2960 1069 3024 dum
1131 2962 1323 3025 modo
1386 2963 1533 3046 plus
1596 2963 1665 3026 in
1727 2963 1966 3027 virtute
2029 2969 2386 3050 teneamus,

368 3067 562 3129 quam
615 3047 728 3111 ille
781 3048 1016 3128 tenuit,
1069 3049 1397 3114 firmitatis
1445 3053 1512 3114 et
1558 3050 1831 3116 roboris.
1923 3050 2136 3117 Simus
2182 3052 2388 3137 igitur

369 3134 656 3198 contenti
719 3134 841 3200 his.
947 3133 1242 3219 Namque
1306 3138 1540 3202 horum
1603 3140 1845 3222 posteri
1918 3141 2219 3205 meliores
2289 3143 2387 3206 illi

367 3221 625 3304 quidem
689 3244 833 3286 mea
897 3224 1217 3288 sententia
1281 3247 1474 3309 quam
1546 3226 1943 3310 reliquarum
2003 3228 2385 3313 philosophi

369 3308 881 3394 disciplinarum,
927 3310 1038 3374 sed
1082 3311 1180 3375 ita
1225 3312 1638 3397 degenerant,
1692 3317 1769 3378 ut
1820 3315 1947 3398 ipsi
2008 3336 2086 3378 ex
2133 3337 2202 3380 se
2247 3318 2386 3382 nati
2416 3344 2471 3384 35

367 3416 508 3460 esse
572 3396 927 3462 videantur.
1032 3398 1322 3464 Primum
1384 3400 1843 3486 Theophrasti,
1908 3400 2157 3489 Strato,
2220 3405 2361 3489 phy

368 3483 574 3549 sicum
620 3506 687 3550 se
733 3484 968 3570 voluit3
1013 3485 1082 3551 in
1129 3508 1254 3572 quo
1293 3488 1417 3552 etsi
1462 3493 1563 3553 est
1606 3511 1907 3576 magnus,
1953 3494 2175 3556 tamen
2217 3514 2385 3560 nova
