2609 3884
501 118 519 142 ²
629 138 765 195 ΜΒ.
802 138 897 194 111.
954 138 1109 194 OAP.
1149 144 1242 209 18,
1281 144 1364 195 19.
1419 143 1451 206 s
1486 144 1733 195 39-44.
2062 140 2193 207 373

161 305 405 386 tates,
451 323 638 386 quas
687 322 916 385 supra
951 298 1170 365 dixi?
1225 300 1399 378 Quae
1437 303 1817 386 sequuntur,
1861 302 1932 367 in
1968 302 2191 369 eadem

165 390 493 457 sententia
531 393 711 475 sunt,
745 391 1048 473 totusque
1083 389 1266 473 liber,
1303 389 1415 472 qui
1451 393 1552 454 est
1598 389 1673 454 de
1711 410 1963 456 summo
2000 391 2191 475 bon0,

161 479 446 545 refertus
489 483 578 543 est
611 480 679 543 et
714 476 928 542 verbis
967 480 1033 541 et
1069 476 1408 542 sententiis
1453 477 1715 543 talibus.
1783 478 1886 543 Ad
1921 478 2192 544 hancine
2227 494 2297 544 48

163 568 373 653 igitur
443 567 646 632 vitam
718 563 1138 630 Telamonem
1205 565 1395 635 illum
1457 565 1818 651 revocabis,
1879 570 1956 632 ut
2016 567 2191 633 leves

96 680 133 723 5
165 654 672 739 aegritudinem,
725 657 818 738 et,
873 652 930 719 si
984 675 1176 738 quem
1219 657 1480 720 tuorum
1528 653 1855 719 adflictum
1902 676 2193 720 maerore

160 742 435 828 viderie,
477 741 628 808 huic
665 762 1121 825 acupenserem
1156 741 1375 825 potius
1413 764 1608 827 quam
1649 742 1930 827 aliquem
1968 741 2192 809 Socra-

161 833 370 898 ticum
423 830 718 896 libellum
771 829 1001 894 dabis?
1063 830 1369 914 hydrauli
1432 829 1780 896 hortabere
1834 835 1910 896 ut
1972 831 2195 897 audiat

160 940 358 985 voces
411 918 631 1003 potius
687 939 883 1003 quam
933 916 1275 983 Platonis?
1331 939 1635 1003 expones,
1696 941 1862 1005 quae
1927 922 2192 1004 spectet,

30 1082 32 1087 ,
160 1007 398 1073 florida
441 1011 506 1073 et
550 1006 779 1073 varia?
837 1006 1220 1071 fasciculum
1265 1006 1348 1071 ad
1389 1007 1571 1072 naris
1618 1006 2036 1073 admovebis?
2094 1008 2191 1072 in-

30 1121 132 1179 ιιο
160 1095 394 1162 cendes
441 1094 669 1160 odores
715 1098 783 1159 et
827 1094 1019 1160 sertis
1063 1094 1355 1159 redimiri
1416 1094 1671 1161 iubebis
1727 1098 1793 1161 et
1836 1094 2032 1160 rosa?
2123 1093 2193 1161 Si

30 1200 32 1261 ζ
162 1204 322 1250 vero
370 1182 614 1268 aliquid
661 1182 861 1248 etiam
911 1218 988 1229 —
1003 1231 1023 1267 ,
1067 1186 1207 1248 tum
1252 1184 1446 1266 plane
1492 1184 1741 1249 luctum
1779 1203 2035 1249 omnem
2081 1183 2192 1248 ab·

30 1436 32 1455 2
165 1276 485 1424 sterffisssg
522 1358 804 1443 Epicuro
853 1358 1218 1426 confitenda
1277 1362 1430 1425 sunt
1473 1362 1588 1425 aut
1632 1381 1735 1445 ea,
1788 1382 1951 1445 quae
1998 1332 2298 1459 Πιοᾶοξῦ)Ε
2340 1445 2350 1455 .

30 1526 32 1529 y
164 1468 474 1532 expressa
519 1446 601 1511 ad
646 1447 915 1513 verbum
961 1447 1119 1533 dixi,
1170 1447 1461 1514 tollenda
1505 1448 1583 1513 de
1642 1448 1813 1515 libro
1858 1448 1965 1513 vel
2010 1451 2191 1513 totus

30 1558 32 1561 ’
67 1560 134 1602 15
163 1536 336 1602 liber
387 1534 609 1620 potius
656 1534 1065 1621 abiciundus3
1110 1539 1211 1602 est
1255 1536 1427 1601 enim
1474 1534 1797 1602 confertus
1843 1535 2192 1621 voluptati-

162 1624 308 1689 bus.
409 1622 857 1699 Quaerendum
911 1623 1140 1707 igitur,
1205 1645 1395 1709 quem
1450 1624 1532 1690 ad
1584 1624 1851 1689 modum
1914 1623 2191 1709 aegritu-

163 1710 316 1777 dine
361 1712 689 1797 privemus
736 1732 909 1795 eum,
955 1712 1065 1796 qui
1107 1710 1203 1777 ita
1247 1711 1447 1778 dicat:

254 1852 516 1936 ...pol
571 1849 761 1916 mihi
814 1851 1132 1917 fortuna
1183 1854 1431 1938 magis
1475 1874 1672 1918 nunc
1730 1852 1929 1917 defit
1972 1854 2191 1936 quam

255 2026 602 2113 Namque
672 2047 992 2112 regnum
1063 2028 1525 2113 suppetebat
1596 1959 2191 2112 mi,g{1t1ug.cias‚

30 2178 32 2183 ,
1390 2118 1685 2201 quanto
1734 2117 1769 2181 ὀ
1812 2116 2015 2202 loco,

30 2229 140 2273 ‚20
257 2200 590 2285 Quantis
646 2202 950 2288 opibus,
1004 2201 1277 2289 quibus
1332 2204 1420 2269 de
1477 2204 1705 2269 rebus
1760 2204 1980 2288 lapsa
2032 2204 2191 2269 for·

1453 2295 1645 2358 tuna
1690 2293 2015 2358 occidat.

30 2498 32 2537 3
168 2446 379 2525 Quid?
431 2447 582 2514 huic
636 2448 806 2514 calix
861 2449 1058 2515 mulsi
1111 2449 1566 2535 impingendus
1622 2454 1748 2529 est,
1805 2453 1881 2516 ut
1934 2451 2189 2533 plorare

30 2602 32 2625 ξ
166 2536 442 2621 desinat,
495 2539 609 2601 aut
665 2536 911 2622 aliquid
971 2537 1108 2604 eius
1164 2538 1385 2603 modi?
1472 2536 1643 2603 Ecce
1690 2538 1814 2603 tibi
1860 2558 1939 2603 ex
1985 2537 2192 2603 altera

164 2627 348 2709 parte
395 2624 478 2689 ab
525 2624 748 2690 eodem
791 2628 1014 2709 poeta:

250 2763 362 2830 Ex
407 2764 686 2849 6pibus
731 2766 1046 2831 summis
1092 2765 1264 2850 opis
1312 2776 1574 2851 egens,
1624 2764 1940 2851 Hector,
1998 2769 2189 2834 tuae.

82 2932 140 2973 25
164 2903 334 2971 Huic
379 2905 719 2972 subvenire
765 2906 1098 2994 debemus3
1155 2908 1409 2993 quaerit
1454 2908 1628 2973 enim
1674 2907 2011 2974 auxilium:

251 3026 448 3106 Quid
487 3032 746 3113 petam
785 3031 1130 3115 praesidi
1168 3035 1297 3096 aut
1337 3033 1669 3116 exequar
1710 3033 1953 3116 quove
1988 3054 2191 3099 nunc

247 3116 568 3183 Auxilio
614 3120 658 3200 †
704 3119 896 3183 exili
943 3121 1078 3185 alit
1119 3118 1306 3204 fuga
1350 3119 1554 3184 freta
1599 3118 1786 3185 sim?

247 3187 442 3271 Arce
507 3208 582 3273 et
633 3206 818 3272 urbe
874 3207 1061 3272 orba
1115 3228 1295 3273 sum.
1386 3205 1545 3284 Quo
1604 3208 1989 3275 siccidam?
2041 3230 2184 3293 quo

171 3359 176 3363 ,
1578 3296 2008 3381 applicem?

250 3378 394 3448 cus
429 3403 566 3449 nec
613 3403 793 3447 arae
838 3382 1146 3467 patriae
1200 3382 1403 3449 domi
1459 3384 1696 3467 stant,
1748 3384 2050 3449 fractae
2109 3387 2189 3450 et

1305 3471 1679 3539 disiectae
1722 3471 2007 3557 iacent,
