<?xml version="1.0" encoding="UTF-8"?>
<!DOCTYPE html PUBLIC "-//W3C//DTD XHTML 1.0 Transitional//EN"
    "http://www.w3.org/TR/xhtml1/DTD/xhtml1-transitional.dtd">
<html xmlns="http://www.w3.org/1999/xhtml" xml:lang="en" lang="en">
 <head>
  <title>
</title>
<meta http-equiv="Content-Type" content="text/html;charset=utf-8" />
  <meta name='ocr-system' content='tesseract 3.04.00' />
  <meta name='ocr-capabilities' content='ocr_page ocr_carea ocr_par ocr_line ocrx_word'/>
</head>
<body>
  <div class='ocr_page' id='page_1' title='image "./scriptaquaemans01mlgoog_0432.png"; bbox 0 0 2609 3884; ppageno 0'>
   <div class='ocr_carea' id='block_1_1' title="bbox 345 196 1978 267">
    <p class='ocr_par' dir='ltr' id='par_1_1' title="bbox 345 196 1978 267">
     <span class='ocr_line' id='line_1_1' title="bbox 345 196 1978 267; baseline -0.01 0"><span class='ocrx_word' id='word_1_1' title='bbox 345 201 475 267; x_wconf 84' lang='grc'><strong>382</strong></span> <span class='ocrx_word' id='word_1_2' title='bbox 735 197 1332 257; x_wconf 84' lang='lat' dir='ltr'><strong>TUSCULANARUM</strong></span> <span class='ocrx_word' id='word_1_3' title='bbox 1371 196 1978 253; x_wconf 84' lang='lat' dir='ltr'>DISPUTATIONUM</span> 
     </span>
    </p>
   </div>
   <div class='ocr_carea' id='block_1_2' title="bbox 345 354 2373 538">
    <p class='ocr_par' dir='ltr' id='par_1_2' title="bbox 345 354 2373 538">
     <span class='ocr_line' id='line_1_2' title="bbox 345 354 2373 445; baseline -0.003 -16"><span class='ocrx_word' id='word_1_4' title='bbox 345 362 772 429; x_wconf 76' lang='lat' dir='ltr'><strong>Terentianus</strong></span> <span class='ocrx_word' id='word_1_5' title='bbox 828 359 999 445; x_wconf 78' lang='lat' dir='ltr'><strong>‘ipse</strong></span> <span class='ocrx_word' id='word_1_6' title='bbox 1050 381 1119 424; x_wconf 88' lang='lat' dir='ltr'><strong>se</strong></span> <span class='ocrx_word' id='word_1_7' title='bbox 1174 357 1544 444; x_wconf 90' lang='lat' dir='ltr'><strong>poeniens&#39;,</strong></span> <span class='ocrx_word' id='word_1_8' title='bbox 1606 357 1675 422; x_wconf 89' lang='lat' dir='ltr'><strong>id</strong></span> <span class='ocrx_word' id='word_1_9' title='bbox 1728 361 1830 422; x_wconf 92' lang='lat' dir='ltr'><strong>est</strong></span> <span class='ocrx_word' id='word_1_10' title='bbox 1880 354 2125 423; x_wconf 80' lang='grc' dir='ltr'><strong><em>ἑαυτὸν</em></strong></span> <span class='ocrx_word' id='word_1_11' title='bbox 2177 381 2373 443; x_wconf 82' lang='grc' dir='ltr'><strong><em>τιμω-</em></strong></span> 
     </span>
     <span class='ocr_line' id='line_1_3' title="bbox 345 447 1476 538; baseline -0.004 -21"><span class='ocrx_word' id='word_1_12' title='bbox 345 447 715 538; x_wconf 63' lang='grc' dir='ltr'><strong><em>ρούμενοςῗ</em></strong></span> <span class='ocrx_word' id='word_1_13' title='bbox 1469 484 1476 489; x_wconf 88' lang='grc'><em>·</em></span> 
     </span>
    </p>
   </div>
   <div class='ocr_carea' id='block_1_3' title="bbox 432 568 2375 744">
    <p class='ocr_par' dir='ltr' id='par_1_3' title="bbox 432 568 2375 744">
     <span class='ocr_line' id='line_1_4' title="bbox 432 568 2069 655; baseline -0.004 -16"><span class='ocrx_word' id='word_1_14' title='bbox 432 573 761 639; x_wconf 75' lang='lat' dir='ltr'><strong>Decrevi</strong></span> <span class='ocrx_word' id='word_1_15' title='bbox 806 571 1206 655; x_wconf 71' lang='lat' dir='ltr'><strong>tantisper</strong></span> <span class='ocrx_word' id='word_1_16' title='bbox 1251 592 1363 636; x_wconf 91' lang='lat' dir='ltr'><strong>me</strong></span> <span class='ocrx_word' id='word_1_17' title='bbox 1409 568 1656 635; x_wconf 90' lang='lat' dir='ltr'><strong>minus</strong></span> <span class='ocrx_word' id='word_1_18' title='bbox 1703 569 2069 654; x_wconf 77' lang='lat' dir='ltr'><strong>iniuriae,</strong></span> 
     </span>
     <span class='ocr_line' id='line_1_5' title="bbox 436 656 2375 744; baseline -0.003 -17"><span class='ocrx_word' id='word_1_19' title='bbox 436 659 828 744; x_wconf 74' lang='lat' dir='ltr'><strong>Chremes,</strong></span> <span class='ocrx_word' id='word_1_20' title='bbox 874 680 1033 724; x_wconf 92' lang='lat' dir='ltr'><strong>meo</strong></span> <span class='ocrx_word' id='word_1_21' title='bbox 1073 661 1308 743; x_wconf 88' lang='lat' dir='ltr'><strong>gnato</strong></span> <span class='ocrx_word' id='word_1_22' title='bbox 1355 657 1642 741; x_wconf 73' lang='lat' dir='ltr'><strong>facere,</strong></span> <span class='ocrx_word' id='word_1_23' title='bbox 1688 657 1857 723; x_wconf 90' lang='lat' dir='ltr'><strong>dum</strong></span> <span class='ocrx_word' id='word_1_24' title='bbox 1897 656 2087 722; x_wconf 73' lang='lat' dir='ltr'><strong>fiam</strong></span> <span class='ocrx_word' id='word_1_25' title='bbox 2124 657 2375 723; x_wconf 89' lang='lat' dir='ltr'><strong>miser.</strong></span> 
     </span>
    </p>
   </div>
   <div class='ocr_carea' id='block_1_4' title="bbox 344 797 2427 977">
    <p class='ocr_par' dir='ltr' id='par_1_4' title="bbox 344 797 2427 977">
     <span class='ocr_line' id='line_1_6' title="bbox 344 797 2427 883; baseline -0.002 -15"><span class='ocrx_word' id='word_1_26' title='bbox 344 802 472 868; x_wconf 94' lang='lat' dir='ltr'><strong>Hic</strong></span> <span class='ocrx_word' id='word_1_27' title='bbox 535 800 848 882; x_wconf 89' lang='lat' dir='ltr'><strong>decernit,</strong></span> <span class='ocrx_word' id='word_1_28' title='bbox 909 802 985 864; x_wconf 92' lang='lat' dir='ltr'><strong>ut</strong></span> <span class='ocrx_word' id='word_1_29' title='bbox 1038 799 1236 864; x_wconf 91' lang='lat' dir='ltr'><strong>miser</strong></span> <span class='ocrx_word' id='word_1_30' title='bbox 1294 798 1399 864; x_wconf 83' lang='lat' dir='ltr'><strong>sit.</strong></span> <span class='ocrx_word' id='word_1_31' title='bbox 1500 797 1676 865; x_wconf 90' lang='lat' dir='ltr'><strong>Num</strong></span> <span class='ocrx_word' id='word_1_32' title='bbox 1736 798 1878 883; x_wconf 90' lang='lat' dir='ltr'><strong>quis</strong></span> <span class='ocrx_word' id='word_1_33' title='bbox 1933 797 2139 882; x_wconf 87' lang='lat' dir='ltr'><strong>igitur</strong></span> <span class='ocrx_word' id='word_1_34' title='bbox 2197 798 2374 882; x_wconf 89' lang='lat' dir='ltr'><strong>quic·</strong></span> <span class='ocrx_word' id='word_1_35' title='bbox 2400 823 2427 864; x_wconf 67' lang='grc' dir='ltr'><strong>ο</strong></span> 
     </span>
     <span class='ocr_line' id='line_1_7' title="bbox 346 887 1208 977; baseline -0.007 -21"><span class='ocrx_word' id='word_1_36' title='bbox 346 912 541 977; x_wconf 86' lang='lat' dir='ltr'><strong>quam</strong></span> <span class='ocrx_word' id='word_1_37' title='bbox 588 888 875 955; x_wconf 84' lang='lat' dir='ltr'><strong>decernit</strong></span> <span class='ocrx_word' id='word_1_38' title='bbox 919 887 1208 952; x_wconf 78' lang='lat' dir='ltr'><strong>invitus?</strong></span> 
     </span>
    </p>
   </div>
   <div class='ocr_carea' id='block_1_5' title="bbox 433 1008 2252 1097">
    <p class='ocr_par' dir='ltr' id='par_1_5' title="bbox 433 1008 2252 1097">
     <span class='ocr_line' id='line_1_8' title="bbox 433 1008 2252 1097; baseline -0.003 -19"><span class='ocrx_word' id='word_1_39' title='bbox 433 1013 634 1078; x_wconf 78' lang='lat' dir='ltr'><strong>Malo</strong></span> <span class='ocrx_word' id='word_1_40' title='bbox 684 1010 985 1097; x_wconf 91' lang='lat' dir='ltr'><strong>quidem</strong></span> <span class='ocrx_word' id='word_1_41' title='bbox 1032 1031 1143 1074; x_wconf 91' lang='lat' dir='ltr'><strong>me</strong></span> <span class='ocrx_word' id='word_1_42' title='bbox 1190 1009 1464 1094; x_wconf 75' lang='lat' dir='ltr'><strong>quovis</strong></span> <span class='ocrx_word' id='word_1_43' title='bbox 1511 1008 1820 1095; x_wconf 88' lang='lat' dir='ltr'><strong>dignum</strong></span> <span class='ocrx_word' id='word_1_44' title='bbox 1872 1009 2252 1094; x_wconf 74' lang='lat' dir='ltr'><strong>deputem.</strong></span> 
     </span>
    </p>
   </div>
   <div class='ocr_carea' id='block_1_6' title="bbox 343 1148 2452 1589">
    <p class='ocr_par' dir='ltr' id='par_1_6' title="bbox 343 1148 2452 1589">
     <span class='ocr_line' id='line_1_9' title="bbox 345 1148 2373 1237; baseline -0.001 -18"><span class='ocrx_word' id='word_1_45' title='bbox 345 1154 521 1219; x_wconf 89' lang='lat' dir='ltr'><strong>Malo</strong></span> <span class='ocrx_word' id='word_1_46' title='bbox 569 1173 639 1217; x_wconf 89' lang='lat' dir='ltr'><strong>se</strong></span> <span class='ocrx_word' id='word_1_47' title='bbox 694 1152 963 1237; x_wconf 91' lang='lat' dir='ltr'><strong>dignum</strong></span> <span class='ocrx_word' id='word_1_48' title='bbox 1018 1150 1313 1234; x_wconf 87' lang='lat' dir='ltr'><strong>deputat,</strong></span> <span class='ocrx_word' id='word_1_49' title='bbox 1367 1149 1496 1215; x_wconf 90' lang='lat' dir='ltr'><strong>nisi</strong></span> <span class='ocrx_word' id='word_1_50' title='bbox 1543 1148 1741 1214; x_wconf 90' lang='lat' dir='ltr'><strong>miser</strong></span> <span class='ocrx_word' id='word_1_51' title='bbox 1786 1149 1888 1215; x_wconf 84' lang='lat' dir='ltr'><strong>sit.</strong></span> <span class='ocrx_word' id='word_1_52' title='bbox 1972 1148 2176 1215; x_wconf 91' lang='lat' dir='ltr'><strong>Vides</strong></span> <span class='ocrx_word' id='word_1_53' title='bbox 2215 1170 2373 1235; x_wconf 84' lang='lat' dir='ltr'><strong>ergo</strong></span> 
     </span>
     <span class='ocr_line' id='line_1_10' title="bbox 347 1235 2375 1325; baseline -0.002 -19"><span class='ocrx_word' id='word_1_54' title='bbox 347 1239 675 1325; x_wconf 84' lang='lat' dir='ltr'>opinionis</span> <span class='ocrx_word' id='word_1_55' title='bbox 734 1259 900 1321; x_wconf 91' lang='lat' dir='ltr'><strong>esse,</strong></span> <span class='ocrx_word' id='word_1_56' title='bbox 952 1258 1085 1302; x_wconf 91' lang='lat' dir='ltr'><strong>non</strong></span> <span class='ocrx_word' id='word_1_57' title='bbox 1128 1240 1401 1303; x_wconf 89' lang='lat' dir='ltr'><strong>naturae</strong></span> <span class='ocrx_word' id='word_1_58' title='bbox 1447 1237 1708 1302; x_wconf 89' lang='lat' dir='ltr'><strong>malum.</strong></span> <span class='ocrx_word' id='word_1_59' title='bbox 1809 1235 2002 1322; x_wconf 84' lang='lat' dir='ltr'>Quid,</span> <span class='ocrx_word' id='word_1_60' title='bbox 2057 1259 2224 1322; x_wconf 91' lang='lat' dir='ltr'><strong>quos</strong></span> <span class='ocrx_word' id='word_1_61' title='bbox 2270 1259 2375 1302; x_wconf 87' lang='lat' dir='ltr'><strong>res</strong></span> 
     </span>
     <span class='ocr_line' id='line_1_11' title="bbox 344 1324 2452 1413; baseline -0.001 -19"><span class='ocrx_word' id='word_1_62' title='bbox 344 1329 493 1413; x_wconf 91' lang='lat' dir='ltr'><strong>ipsa</strong></span> <span class='ocrx_word' id='word_1_63' title='bbox 546 1328 767 1412; x_wconf 90' lang='lat' dir='ltr'><strong>lugere</strong></span> <span class='ocrx_word' id='word_1_64' title='bbox 821 1324 1168 1410; x_wconf 78' lang='lat' dir='ltr'><strong>prohibet?</strong></span> <span class='ocrx_word' id='word_1_65' title='bbox 1221 1328 1297 1390; x_wconf 93' lang='lat' dir='ltr'><strong>ut</strong></span> <span class='ocrx_word' id='word_1_66' title='bbox 1350 1325 1521 1409; x_wconf 90' lang='lat' dir='ltr'><strong>apud</strong></span> <span class='ocrx_word' id='word_1_67' title='bbox 1577 1324 1937 1391; x_wconf 84' lang='lat' dir='ltr'>Homerum</span> <span class='ocrx_word' id='word_1_68' title='bbox 2001 1324 2373 1391; x_wconf 91' lang='lat' dir='ltr'><strong>cotidianae</strong></span> <span class='ocrx_word' id='word_1_69' title='bbox 2402 1351 2452 1391; x_wconf 83' lang='grc' dir='ltr'><strong>ιο</strong></span> 
     </span>
     <span class='ocr_line' id='line_1_12' title="bbox 344 1413 2375 1498; baseline -0.001 -16"><span class='ocrx_word' id='word_1_70' title='bbox 344 1437 533 1482; x_wconf 89' lang='lat' dir='ltr'><strong>neces</strong></span> <span class='ocrx_word' id='word_1_71' title='bbox 578 1414 1008 1498; x_wconf 88' lang='lat' dir='ltr'><strong>interitusque</strong></span> <span class='ocrx_word' id='word_1_72' title='bbox 1046 1413 1403 1479; x_wconf 89' lang='lat' dir='ltr'><strong>multorum</strong></span> <span class='ocrx_word' id='word_1_73' title='bbox 1445 1413 1844 1480; x_wconf 87' lang='lat' dir='ltr'><strong>sedationem</strong></span> <span class='ocrx_word' id='word_1_74' title='bbox 1889 1413 2219 1479; x_wconf 88' lang='lat' dir='ltr'><strong>maerendi</strong></span> <span class='ocrx_word' id='word_1_75' title='bbox 2265 1414 2375 1479; x_wconf 89' lang='lat' dir='ltr'><strong>ad-</strong></span> 
     </span>
     <span class='ocr_line' id='line_1_13' title="bbox 343 1499 1502 1589; baseline -0.003 -19"><span class='ocrx_word' id='word_1_76' title='bbox 343 1505 588 1589; x_wconf 85' lang='lat' dir='ltr'><strong>ferunt,</strong></span> <span class='ocrx_word' id='word_1_77' title='bbox 635 1503 805 1587; x_wconf 90' lang='lat' dir='ltr'><strong>apud</strong></span> <span class='ocrx_word' id='word_1_78' title='bbox 851 1523 1041 1586; x_wconf 89' lang='lat' dir='ltr'><strong>quem</strong></span> <span class='ocrx_word' id='word_1_79' title='bbox 1086 1501 1181 1566; x_wconf 90' lang='lat' dir='ltr'><strong>ita</strong></span> <span class='ocrx_word' id='word_1_80' title='bbox 1226 1499 1502 1566; x_wconf 73' lang='lat' dir='ltr'><strong>diciturt&#39;</strong></span> 
     </span>
    </p>
   </div>
   <div class='ocr_carea' id='block_1_7' title="bbox 381 1623 2376 1885">
    <p class='ocr_par' dir='ltr' id='par_1_7' title="bbox 381 1623 2376 1885">
     <span class='ocr_line' id='line_1_14' title="bbox 432 1623 2376 1711; baseline -0.002 -17"><span class='ocrx_word' id='word_1_81' title='bbox 432 1626 777 1711; x_wconf 84' lang='lat' dir='ltr'><strong>Namque</strong></span> <span class='ocrx_word' id='word_1_82' title='bbox 838 1625 1070 1690; x_wconf 90' lang='lat' dir='ltr'><strong>nimis</strong></span> <span class='ocrx_word' id='word_1_83' title='bbox 1135 1623 1418 1689; x_wconf 89' lang='lat' dir='ltr'><strong>multos</strong></span> <span class='ocrx_word' id='word_1_84' title='bbox 1483 1628 1710 1708; x_wconf 87' lang='lat' dir='ltr'><strong>atque</strong></span> <span class='ocrx_word' id='word_1_85' title='bbox 1775 1624 1977 1690; x_wconf 90' lang='lat' dir='ltr'><strong>omni</strong></span> <span class='ocrx_word' id='word_1_86' title='bbox 2029 1624 2200 1690; x_wconf 90' lang='lat' dir='ltr'><strong>luce</strong></span> <span class='ocrx_word' id='word_1_87' title='bbox 2259 1647 2376 1690; x_wconf 88' lang='lat' dir='ltr'><strong>ca-</strong></span> 
     </span>
     <span class='ocr_line' id='line_1_15' title="bbox 1933 1712 2193 1777; baseline -0.004 0"><span class='ocrx_word' id='word_1_88' title='bbox 1933 1712 2193 1777; x_wconf 90' lang='lat' dir='ltr'><strong>dentis</strong></span> 
     </span>
     <span class='ocr_line' id='line_1_16' title="bbox 381 1799 2284 1885; baseline -0.001 -17"><span class='ocrx_word' id='word_1_89' title='bbox 381 1804 392 1812; x_wconf 83' lang='lat'><strong>‘</strong></span> <span class='ocrx_word' id='word_1_90' title='bbox 435 1801 865 1885; x_wconf 83' lang='lat' dir='ltr'><strong>Cernimus,</strong></span> <span class='ocrx_word' id='word_1_91' title='bbox 909 1803 994 1865; x_wconf 90' lang='lat' dir='ltr'><strong>ut</strong></span> <span class='ocrx_word' id='word_1_92' title='bbox 1036 1821 1255 1864; x_wconf 90' lang='lat' dir='ltr'><strong>nemo</strong></span> <span class='ocrx_word' id='word_1_93' title='bbox 1300 1799 1556 1882; x_wconf 88' lang='lat' dir='ltr'><strong>possit</strong></span> <span class='ocrx_word' id='word_1_94' title='bbox 1601 1821 1944 1865; x_wconf 88' lang='lat' dir='ltr'><strong>maerore</strong></span> <span class='ocrx_word' id='word_1_95' title='bbox 1990 1822 2284 1866; x_wconf 85' lang='lat' dir='ltr'><strong>vacare.</strong></span> 
     </span>
    </p>
   </div>
   <div class='ocr_carea' id='block_1_8' title="bbox 2570 955 2575 1866">
    <p class='ocr_par' dir='ltr' id='par_1_8' title="bbox 2570 955 2575 1866">
     <span class='ocr_line' id='line_1_17' title="bbox 2570 955 2575 1866; baseline 0 0"><span class='ocrx_word' id='word_1_96' title='bbox 2570 955 2575 1866; x_wconf 95' lang='lat' dir='ltr'><strong> </strong></span> 
     </span>
    </p>
   </div>
   <div class='ocr_carea' id='block_1_9' title="bbox 434 1871 2573 1974">
    <p class='ocr_par' dir='ltr' id='par_1_9' title="bbox 434 1871 2573 1974">
     <span class='ocr_line' id='line_1_18' title="bbox 434 1871 2573 1974; baseline -0.002 -19"><span class='ocrx_word' id='word_1_97' title='bbox 434 1891 593 1967; x_wconf 80' lang='lat' dir='ltr'><strong>Quo</strong></span> <span class='ocrx_word' id='word_1_98' title='bbox 631 1888 877 1974; x_wconf 89' lang='lat' dir='ltr'><strong>magis</strong></span> <span class='ocrx_word' id='word_1_99' title='bbox 916 1891 1033 1953; x_wconf 89' lang='lat' dir='ltr'><strong>est</strong></span> <span class='ocrx_word' id='word_1_100' title='bbox 1070 1908 1391 1971; x_wconf 89' lang='lat' dir='ltr'><strong>aequum</strong></span> <span class='ocrx_word' id='word_1_101' title='bbox 1427 1886 1752 1953; x_wconf 85' lang='lat' dir='ltr'><strong>tumulis</strong></span> <span class='ocrx_word' id='word_1_102' title='bbox 1799 1887 2154 1953; x_wconf 89' lang='lat' dir='ltr'><strong>mandare</strong></span> <span class='ocrx_word' id='word_1_103' title='bbox 2200 1911 2373 1973; x_wconf 88' lang='lat' dir='ltr'><strong>per·</strong></span> <span class='ocrx_word' id='word_1_104' title='bbox 2403 1915 2456 1956; x_wconf 66' lang='grc' dir='ltr'><strong>ιε,</strong></span> <span class='ocrx_word' id='word_1_105' title='bbox 2561 1871 2573 1951; x_wconf 62' lang='lat' dir='ltr'>J</span> 
     </span>
    </p>
   </div>
   <div class='ocr_carea' id='block_1_10' title="bbox 430 1979 2376 2131">
    <p class='ocr_par' dir='ltr' id='par_1_10' title="bbox 430 1979 2376 2131">
     <span class='ocr_line' id='line_1_19' title="bbox 1379 1979 2190 2041; baseline -0.004 2"><span class='ocrx_word' id='word_1_106' title='bbox 1379 2023 1387 2030; x_wconf 87' lang='lat'>-</span> <span class='ocrx_word' id='word_1_107' title='bbox 1891 1997 2000 2041; x_wconf 90' lang='lat' dir='ltr'><strong>em</strong></span> <span class='ocrx_word' id='word_1_108' title='bbox 2067 1979 2190 2041; x_wconf 90' lang='lat' dir='ltr'><strong>tos</strong></span> 
     </span>
     <span class='ocr_line' id='line_1_20' title="bbox 430 1998 2376 2131; baseline -0.001 -1"><span class='ocrx_word' id='word_1_109' title='bbox 430 2065 688 2130; x_wconf 87' lang='lat' dir='ltr'><strong>Firmo</strong></span> <span class='ocrx_word' id='word_1_110' title='bbox 717 2063 967 2129; x_wconf 88' lang='lat' dir='ltr'><strong>animo</strong></span> <span class='ocrx_word' id='word_1_111' title='bbox 994 2064 1068 2127; x_wconf 89' lang='lat' dir='ltr'><strong>et</strong></span> <span class='ocrx_word' id='word_1_112' title='bbox 1092 2063 1384 2128; x_wconf 90' lang='lat' dir='ltr'><strong>luctum</strong></span> <span class='ocrx_word' id='word_1_113' title='bbox 1411 2062 1760 2128; x_wconf 83' lang='lat' dir='ltr'>lacrimis</span> <span class='ocrx_word' id='word_1_114' title='bbox 1787 1998 2376 2131; x_wconf 75' lang='lat' dir='ltr'><strong>finirepdiurnis.</strong></span> 
     </span>
    </p>
   </div>
   <div class='ocr_carea' id='block_1_11' title="bbox 236 2202 2458 3604">
    <p class='ocr_par' dir='ltr' id='par_1_11' title="bbox 239 2202 2458 2644">
     <span class='ocr_line' id='line_1_21' title="bbox 239 2202 2377 2291; baseline 0.001 -22"><span class='ocrx_word' id='word_1_115' title='bbox 239 2227 305 2278; x_wconf 73' lang='lat'><strong>66</strong></span> <span class='ocrx_word' id='word_1_116' title='bbox 343 2203 521 2288; x_wconf 86' lang='lat' dir='ltr'><strong>Ergo</strong></span> <span class='ocrx_word' id='word_1_117' title='bbox 586 2204 657 2267; x_wconf 91' lang='lat' dir='ltr'><strong>in</strong></span> <span class='ocrx_word' id='word_1_118' title='bbox 716 2203 1044 2286; x_wconf 74' lang='lat' dir='ltr'><strong>potestate</strong></span> <span class='ocrx_word' id='word_1_119' title='bbox 1109 2205 1209 2266; x_wconf 90' lang='lat' dir='ltr'><strong>est</strong></span> <span class='ocrx_word' id='word_1_120' title='bbox 1271 2202 1524 2268; x_wconf 88' lang='lat' dir='ltr'><strong>abicere</strong></span> <span class='ocrx_word' id='word_1_121' title='bbox 1589 2203 1904 2284; x_wconf 90' lang='lat' dir='ltr'><strong>dolorem,</strong></span> <span class='ocrx_word' id='word_1_122' title='bbox 1977 2225 2124 2269; x_wconf 90' lang='lat' dir='ltr'><strong>cum</strong></span> <span class='ocrx_word' id='word_1_123' title='bbox 2187 2206 2377 2291; x_wconf 82' lang='lat' dir='ltr'><strong>velis,</strong></span> 
     </span>
     <span class='ocr_line' id='line_1_22' title="bbox 341 2288 2376 2377; baseline 0 -20"><span class='ocrx_word' id='word_1_124' title='bbox 341 2291 623 2374; x_wconf 85' lang='lat' dir='ltr'><strong>tempori</strong></span> <span class='ocrx_word' id='word_1_125' title='bbox 666 2289 1069 2355; x_wconf 83' lang='lat' dir='ltr'><strong>servientem.</strong></span> <span class='ocrx_word' id='word_1_126' title='bbox 1157 2288 1265 2353; x_wconf 89' lang='lat' dir='ltr'><strong>An</strong></span> <span class='ocrx_word' id='word_1_127' title='bbox 1310 2292 1426 2354; x_wconf 80' lang='lat' dir='ltr'><strong>est·</strong></span> <span class='ocrx_word' id='word_1_128' title='bbox 1455 2291 1662 2356; x_wconf 92' lang='lat' dir='ltr'><strong>ullum</strong></span> <span class='ocrx_word' id='word_1_129' title='bbox 1717 2295 1998 2377; x_wconf 88' lang='lat' dir='ltr'><strong>tempus,</strong></span> <span class='ocrx_word' id='word_1_130' title='bbox 2060 2294 2376 2376; x_wconf 89' lang='lat' dir='ltr'><strong>quoniam</strong></span> 
     </span>
     <span class='ocr_line' id='line_1_23' title="bbox 343 2377 2375 2465; baseline 0.001 -22"><span class='ocrx_word' id='word_1_131' title='bbox 343 2378 601 2465; x_wconf 90' lang='lat' dir='ltr'><strong>quidem</strong></span> <span class='ocrx_word' id='word_1_132' title='bbox 645 2398 747 2444; x_wconf 86' lang='lat' dir='ltr'><strong>res</strong></span> <span class='ocrx_word' id='word_1_133' title='bbox 794 2377 864 2442; x_wconf 92' lang='lat' dir='ltr'><strong>in</strong></span> <span class='ocrx_word' id='word_1_134' title='bbox 907 2378 1137 2442; x_wconf 86' lang='lat' dir='ltr'><strong>nostra</strong></span> <span class='ocrx_word' id='word_1_135' title='bbox 1181 2381 1508 2462; x_wconf 82' lang='lat' dir='ltr'><strong>potestate</strong></span> <span class='ocrx_word' id='word_1_136' title='bbox 1544 2382 1670 2464; x_wconf 90' lang='lat' dir='ltr'><strong>est,</strong></span> <span class='ocrx_word' id='word_1_137' title='bbox 1717 2381 1820 2444; x_wconf 87' lang='lat' dir='ltr'><strong>cui</strong></span> <span class='ocrx_word' id='word_1_138' title='bbox 1855 2401 1989 2444; x_wconf 94' lang='lat' dir='ltr'><strong>non</strong></span> <span class='ocrx_word' id='word_1_139' title='bbox 2032 2382 2375 2464; x_wconf 89' lang='lat' dir='ltr'><strong>ponendae</strong></span> 
     </span>
     <span class='ocr_line' id='line_1_24' title="bbox 345 2463 2458 2556; baseline 0.001 -22"><span class='ocrx_word' id='word_1_140' title='bbox 345 2489 534 2535; x_wconf 89' lang='lat' dir='ltr'><strong>curae</strong></span> <span class='ocrx_word' id='word_1_141' title='bbox 571 2471 631 2533; x_wconf 79' lang='lat' dir='ltr'><strong>et</strong></span> <span class='ocrx_word' id='word_1_142' title='bbox 665 2463 1086 2552; x_wconf 85' lang='lat' dir='ltr'><strong>aegritudinis</strong></span> <span class='ocrx_word' id='word_1_143' title='bbox 1125 2486 1321 2531; x_wconf 86' lang='lat' dir='ltr'><strong>causa</strong></span> <span class='ocrx_word' id='word_1_144' title='bbox 1357 2466 1757 2532; x_wconf 77' lang='lat' dir='ltr'><strong>serviamus?</strong></span> <span class='ocrx_word' id='word_1_145' title='bbox 1801 2501 1807 2508; x_wconf 94' lang='lat'><strong>·</strong></span> <span class='ocrx_word' id='word_1_146' title='bbox 1837 2465 2200 2533; x_wconf 85' lang='lat' dir='ltr'><strong>Constabat</strong></span> <span class='ocrx_word' id='word_1_147' title='bbox 2238 2490 2374 2556; x_wconf 86' lang='lat' dir='ltr'><strong>eos,</strong></span> <span class='ocrx_word' id='word_1_148' title='bbox 2402 2497 2458 2538; x_wconf 66' lang='grc' dir='ltr'><strong>πο</strong></span> 
     </span>
     <span class='ocr_line' id='line_1_25' title="bbox 343 2552 2377 2644; baseline -0 -21"><span class='ocrx_word' id='word_1_149' title='bbox 343 2557 455 2642; x_wconf 92' lang='lat' dir='ltr'><strong>qui</strong></span> <span class='ocrx_word' id='word_1_150' title='bbox 509 2555 947 2623; x_wconf 80' lang='lat' dir='ltr'><strong>concidentem</strong></span> <span class='ocrx_word' id='word_1_151' title='bbox 1000 2553 1373 2619; x_wconf 83' lang='lat' dir='ltr'><strong>volneribus</strong></span> <span class='ocrx_word' id='word_1_152' title='bbox 1429 2552 1543 2620; x_wconf 83' lang='lat' dir='ltr'><strong>Cn.</strong></span> <span class='ocrx_word' id='word_1_153' title='bbox 1587 2553 1968 2640; x_wconf 89' lang='lat' dir='ltr'><strong>Pompeium</strong></span> <span class='ocrx_word' id='word_1_154' title='bbox 2034 2555 2377 2644; x_wconf 82' lang='lat' dir='ltr'><strong>vidissent,</strong></span> 
     </span>
    </p>

    <p class='ocr_par' dir='ltr' id='par_1_12' title="bbox 279 2641 2455 3253">
     <span class='ocr_line' id='line_1_26' title="bbox 279 2641 2372 2728; baseline -0 -17"><span class='ocrx_word' id='word_1_155' title='bbox 279 2721 283 2726; x_wconf 82' lang='lat'>.</span> <span class='ocrx_word' id='word_1_156' title='bbox 343 2666 490 2711; x_wconf 90' lang='lat' dir='ltr'><strong>cum</strong></span> <span class='ocrx_word' id='word_1_157' title='bbox 536 2644 605 2708; x_wconf 91' lang='lat' dir='ltr'><strong>in</strong></span> <span class='ocrx_word' id='word_1_158' title='bbox 650 2644 767 2709; x_wconf 90' lang='lat' dir='ltr'><strong>illo</strong></span> <span class='ocrx_word' id='word_1_159' title='bbox 813 2644 956 2727; x_wconf 90' lang='lat' dir='ltr'><strong>ipso</strong></span> <span class='ocrx_word' id='word_1_160' title='bbox 1005 2641 1423 2708; x_wconf 89' lang='lat' dir='ltr'><strong>acerbissimo</strong></span> <span class='ocrx_word' id='word_1_161' title='bbox 1462 2643 1951 2728; x_wconf 89' lang='lat' dir='ltr'><strong>mis&#39;errimoque</strong></span> <span class='ocrx_word' id='word_1_162' title='bbox 1999 2646 2372 2728; x_wconf 88' lang='lat' dir='ltr'><strong>spectaculo</strong></span> 
     </span>
     <span class='ocr_line' id='line_1_27' title="bbox 344 2729 2375 2816; baseline 0 -19"><span class='ocrx_word' id='word_1_163' title='bbox 344 2733 470 2798; x_wconf 90' lang='lat' dir='ltr'><strong>sibi</strong></span> <span class='ocrx_word' id='word_1_164' title='bbox 516 2733 847 2816; x_wconf 86' lang='lat' dir='ltr'><strong>timerent,</strong></span> <span class='ocrx_word' id='word_1_165' title='bbox 893 2730 1063 2815; x_wconf 88' lang='lat' dir='ltr'><strong>quod</strong></span> <span class='ocrx_word' id='word_1_166' title='bbox 1105 2751 1174 2796; x_wconf 89' lang='lat' dir='ltr'><strong>se</strong></span> <span class='ocrx_word' id='word_1_167' title='bbox 1220 2731 1426 2796; x_wconf 89' lang='lat' dir='ltr'><strong>classe</strong></span> <span class='ocrx_word' id='word_1_168' title='bbox 1470 2729 1758 2796; x_wconf 88' lang='lat' dir='ltr'><strong>hostium</strong></span> <span class='ocrx_word' id='word_1_169' title='bbox 1805 2731 2230 2798; x_wconf 85' lang='lat' dir='ltr'><strong>circumfusos</strong></span> <span class='ocrx_word' id='word_1_170' title='bbox 2277 2733 2375 2798; x_wconf 84' lang='lat' dir='ltr'><strong>vi-</strong></span> 
     </span>
     <span class='ocr_line' id='line_1_28' title="bbox 345 2817 2373 2905; baseline 0.001 -21"><span class='ocrx_word' id='word_1_171' title='bbox 345 2820 598 2904; x_wconf 86' lang='lat' dir='ltr'><strong>derent,</strong></span> <span class='ocrx_word' id='word_1_172' title='bbox 649 2819 817 2883; x_wconf 92' lang='lat' dir='ltr'><strong>nihil</strong></span> <span class='ocrx_word' id='word_1_173' title='bbox 873 2818 1050 2884; x_wconf 88' lang='lat' dir='ltr'><strong>aliud</strong></span> <span class='ocrx_word' id='word_1_174' title='bbox 1105 2821 1246 2884; x_wconf 91' lang='lat' dir='ltr'><strong>tum</strong></span> <span class='ocrx_word' id='word_1_175' title='bbox 1302 2817 1540 2902; x_wconf 85' lang='lat' dir='ltr'><strong>egisse,</strong></span> <span class='ocrx_word' id='word_1_176' title='bbox 1592 2819 1719 2884; x_wconf 88' lang='lat' dir='ltr'><strong>nisi</strong></span> <span class='ocrx_word' id='word_1_177' title='bbox 1764 2822 1840 2884; x_wconf 90' lang='lat' dir='ltr'><strong>ut</strong></span> <span class='ocrx_word' id='word_1_178' title='bbox 1881 2819 2159 2905; x_wconf 83' lang='lat' dir='ltr'><strong>remiges</strong></span> <span class='ocrx_word' id='word_1_179' title='bbox 2218 2820 2373 2886; x_wconf 88' lang='lat' dir='ltr'><strong>hor-</strong></span> 
     </span>
     <span class='ocr_line' id='line_1_29' title="bbox 341 2904 2455 2993; baseline 0.003 -23"><span class='ocrx_word' id='word_1_180' title='bbox 341 2908 637 2971; x_wconf 88' lang='lat' dir='ltr'><strong>tarentur</strong></span> <span class='ocrx_word' id='word_1_181' title='bbox 664 2909 729 2971; x_wconf 91' lang='lat' dir='ltr'><strong>et</strong></span> <span class='ocrx_word' id='word_1_182' title='bbox 755 2909 832 2971; x_wconf 87' lang='lat' dir='ltr'><strong>ut</strong></span> <span class='ocrx_word' id='word_1_183' title='bbox 860 2906 1139 2972; x_wconf 87' lang='lat' dir='ltr'><strong>salutem</strong></span> <span class='ocrx_word' id='word_1_184' title='bbox 1171 2904 1683 2990; x_wconf 85' lang='lat' dir='ltr'><strong>adipiscerentur</strong></span> <span class='ocrx_word' id='word_1_185' title='bbox 1719 2906 1900 2992; x_wconf 82' lang='lat' dir='ltr'><strong>fuga3</strong></span> <span class='ocrx_word' id='word_1_186' title='bbox 1936 2911 2372 2993; x_wconf 82' lang='lat' dir='ltr'><strong>posteaquam</strong></span> <span class='ocrx_word' id='word_1_187' title='bbox 2401 2935 2455 2976; x_wconf 79' lang='lat'><strong>2⁵</strong></span> 
     </span>
     <span class='ocr_line' id='line_1_30' title="bbox 343 2993 2374 3080; baseline 0.002 -22"><span class='ocrx_word' id='word_1_188' title='bbox 343 2993 586 3077; x_wconf 80' lang='lat' dir='ltr'><strong>Tyrum</strong></span> <span class='ocrx_word' id='word_1_189' title='bbox 621 2994 978 3076; x_wconf 83' lang='lat' dir='ltr'><strong>venissent,</strong></span> <span class='ocrx_word' id='word_1_190' title='bbox 1022 2996 1162 3058; x_wconf 92' lang='lat' dir='ltr'><strong>tum</strong></span> <span class='ocrx_word' id='word_1_191' title='bbox 1200 2993 1522 3059; x_wconf 88' lang='lat' dir='ltr'><strong>adflictari</strong></span> <span class='ocrx_word' id='word_1_192' title='bbox 1557 2995 2028 3080; x_wconf 87' lang='lat' dir='ltr'><strong>lamentarique</strong></span> <span class='ocrx_word' id='word_1_193' title='bbox 2057 2997 2374 3080; x_wconf 89' lang='lat' dir='ltr'><strong>coepisse.</strong></span> 
     </span>
     <span class='ocr_line' id='line_1_31' title="bbox 342 3079 2374 3170; baseline 0.002 -24"><span class='ocrx_word' id='word_1_194' title='bbox 342 3081 565 3146; x_wconf 85' lang='lat' dir='ltr'><strong>Timor</strong></span> <span class='ocrx_word' id='word_1_195' title='bbox 626 3080 829 3165; x_wconf 90' lang='lat' dir='ltr'><strong>igitur</strong></span> <span class='ocrx_word' id='word_1_196' title='bbox 894 3080 975 3144; x_wconf 89' lang='lat' dir='ltr'><strong>ab</strong></span> <span class='ocrx_word' id='word_1_197' title='bbox 1037 3079 1143 3144; x_wconf 91' lang='lat' dir='ltr'><strong>his</strong></span> <span class='ocrx_word' id='word_1_198' title='bbox 1219 3081 1692 3166; x_wconf 86' lang='lat' dir='ltr'><strong>aegritudinem</strong></span> <span class='ocrx_word' id='word_1_199' title='bbox 1758 3083 1975 3167; x_wconf 89' lang='lat' dir='ltr'><strong>potuit</strong></span> <span class='ocrx_word' id='word_1_200' title='bbox 2037 3085 2374 3170; x_wconf 87' lang='lat' dir='ltr'><strong>repellere,</strong></span> 
     </span>
     <span class='ocr_line' id='line_1_32' title="bbox 342 3165 1668 3253; baseline 0.002 -21"><span class='ocrx_word' id='word_1_201' title='bbox 342 3169 511 3234; x_wconf 90' lang='lat' dir='ltr'><strong>ratio</strong></span> <span class='ocrx_word' id='word_1_202' title='bbox 559 3167 641 3232; x_wconf 87' lang='lat' dir='ltr'><strong>ab</strong></span> <span class='ocrx_word' id='word_1_203' title='bbox 689 3165 970 3251; x_wconf 89' lang='lat' dir='ltr'><strong>sapienti</strong></span> <span class='ocrx_word' id='word_1_204' title='bbox 1015 3167 1155 3232; x_wconf 83' lang='lat' dir='ltr'><strong>viro</strong></span> <span class='ocrx_word' id='word_1_205' title='bbox 1199 3188 1334 3234; x_wconf 90' lang='lat' dir='ltr'><strong>non</strong></span> <span class='ocrx_word' id='word_1_206' title='bbox 1377 3168 1668 3253; x_wconf 77' lang='lat' dir='ltr'><strong>poterit?</strong></span> 
     </span>
    </p>

    <p class='ocr_par' dir='ltr' id='par_1_13' title="bbox 236 3253 2452 3604">
     <span class='ocr_line' id='line_1_33' title="bbox 236 3253 2373 3343; baseline 0.002 -23"><span class='ocrx_word' id='word_1_207' title='bbox 236 3263 323 3328; x_wconf 84' lang='lat'><strong>28</strong></span> <span class='ocrx_word' id='word_1_208' title='bbox 479 3253 648 3331; x_wconf 84' lang='lat' dir='ltr'><strong>Quid</strong></span> <span class='ocrx_word' id='word_1_209' title='bbox 704 3259 804 3320; x_wconf 89' lang='lat' dir='ltr'><strong>est</strong></span> <span class='ocrx_word' id='word_1_210' title='bbox 859 3257 1098 3338; x_wconf 85' lang='lat' dir='ltr'><strong>autem,</strong></span> <span class='ocrx_word' id='word_1_211' title='bbox 1158 3255 1330 3339; x_wconf 89' lang='lat' dir='ltr'><strong>quod</strong></span> <span class='ocrx_word' id='word_1_212' title='bbox 1384 3257 1533 3341; x_wconf 91' lang='lat' dir='ltr'><strong>plus</strong></span> <span class='ocrx_word' id='word_1_213' title='bbox 1585 3258 1802 3323; x_wconf 83' lang='lat' dir='ltr'><strong>valeat</strong></span> <span class='ocrx_word' id='word_1_214' title='bbox 1857 3259 1939 3323; x_wconf 89' lang='lat' dir='ltr'><strong>ad</strong></span> <span class='ocrx_word' id='word_1_215' title='bbox 2001 3259 2373 3343; x_wconf 87' lang='lat' dir='ltr'><strong>ponendum</strong></span> 
     </span>
     <span class='ocr_line' id='line_1_34' title="bbox 345 3344 2452 3430; baseline 0.003 -22"><span class='ocrx_word' id='word_1_216' title='bbox 345 3345 663 3427; x_wconf 89' lang='lat' dir='ltr'><strong>dolorem,</strong></span> <span class='ocrx_word' id='word_1_217' title='bbox 726 3363 921 3426; x_wconf 89' lang='lat' dir='ltr'><strong>quam</strong></span> <span class='ocrx_word' id='word_1_218' title='bbox 985 3363 1129 3407; x_wconf 91' lang='lat' dir='ltr'><strong>cum</strong></span> <span class='ocrx_word' id='word_1_219' title='bbox 1195 3346 1294 3408; x_wconf 90' lang='lat' dir='ltr'><strong>est</strong></span> <span class='ocrx_word' id='word_1_220' title='bbox 1367 3344 1764 3410; x_wconf 89' lang='lat' dir='ltr'><strong>intellectum</strong></span> <span class='ocrx_word' id='word_1_221' title='bbox 1833 3345 1930 3409; x_wconf 92' lang='lat' dir='ltr'><strong>nil</strong></span> <span class='ocrx_word' id='word_1_222' title='bbox 2003 3347 2233 3430; x_wconf 89' lang='lat' dir='ltr'><strong>profici</strong></span> <span class='ocrx_word' id='word_1_223' title='bbox 2306 3350 2373 3412; x_wconf 94' lang='lat' dir='ltr'><strong>et</strong></span> <span class='ocrx_word' id='word_1_224' title='bbox 2397 3374 2452 3416; x_wconf 77' lang='grc' dir='ltr'><strong><em>ω</em></strong></span> 
     </span>
     <span class='ocr_line' id='line_1_35' title="bbox 342 3427 2372 3519; baseline 0.002 -25"><span class='ocrx_word' id='word_1_225' title='bbox 342 3431 586 3495; x_wconf 82' lang='lat' dir='ltr'><strong>frustra</strong></span> <span class='ocrx_word' id='word_1_226' title='bbox 655 3449 797 3495; x_wconf 86' lang='lat' dir='ltr'><strong>esse</strong></span> <span class='ocrx_word' id='word_1_227' title='bbox 870 3429 1287 3513; x_wconf 79' lang='lat' dir='ltr'><strong>susceptum?</strong></span> <span class='ocrx_word' id='word_1_228' title='bbox 1405 3427 1476 3494; x_wconf 85' lang='lat' dir='ltr'><strong>Si</strong></span> <span class='ocrx_word' id='word_1_229' title='bbox 1546 3433 1748 3516; x_wconf 90' lang='lat' dir='ltr'><strong>igitur</strong></span> <span class='ocrx_word' id='word_1_230' title='bbox 1827 3431 2062 3517; x_wconf 89' lang='lat' dir='ltr'><strong>deponi</strong></span> <span class='ocrx_word' id='word_1_231' title='bbox 2132 3437 2372 3519; x_wconf 87' lang='lat' dir='ltr'><strong>potest,</strong></span> 
     </span>
     <span class='ocr_line' id='line_1_36' title="bbox 347 3517 2372 3604; baseline 0.003 -24"><span class='ocrx_word' id='word_1_232' title='bbox 347 3518 545 3580; x_wconf 89' lang='lat' dir='ltr'><strong>etiam</strong></span> <span class='ocrx_word' id='word_1_233' title='bbox 597 3537 731 3583; x_wconf 88' lang='lat' dir='ltr'><strong>non</strong></span> <span class='ocrx_word' id='word_1_234' title='bbox 785 3517 1025 3600; x_wconf 88' lang='lat' dir='ltr'><strong>suscipi</strong></span> <span class='ocrx_word' id='word_1_235' title='bbox 1077 3518 1323 3601; x_wconf 82' lang='lat' dir='ltr'><strong>potest3</strong></span> <span class='ocrx_word' id='word_1_236' title='bbox 1379 3517 1712 3584; x_wconf 82' lang='lat' dir='ltr'><strong>voluntate</strong></span> <span class='ocrx_word' id='word_1_237' title='bbox 1773 3519 1976 3604; x_wconf 87' lang='lat' dir='ltr'><strong>igitur</strong></span> <span class='ocrx_word' id='word_1_238' title='bbox 2023 3525 2089 3585; x_wconf 89' lang='lat' dir='ltr'><strong>et</strong></span> <span class='ocrx_word' id='word_1_239' title='bbox 2133 3521 2372 3588; x_wconf 87' lang='lat' dir='ltr'><strong>iudicio</strong></span> 
     </span>
    </p>
   </div>
  </div>
 </body>
</html>
