2609 3884
617 152 755 207 LIB.
793 152 858 207 V.
917 151 1070 205 CAP.
1109 156 1353 205 35—37.
1409 156 1440 217 ὃ
1478 156 1790 207 101-108.
2074 150 2203 215 461

209 316 393 380 etiam
446 314 620 379 ultro
678 312 926 378 delatos
979 312 1375 397 repudiabit3
1423 333 1543 377 nos
1590 314 1805 377 autem
1852 332 1962 377 eos
2006 312 2207 377 nesci-

207 425 368 485 mus,
427 405 578 466 ante
625 423 817 485 quam
861 402 1190 485 paenitere
1237 400 1475 485 coepit,
1508 402 1954 502 ‘contemnere
2006 399 2165 500 ‘Est
2212 418 2311 469 105

205 488 1735 661 ffesstoffsssssssshffi25;{{⁸²332mE3{02135¹2”03550
1776 486 2210 641 ξξῗῗὲωὲῗιῗ

151 690 181 731 5
206 664 457 748 tandos,
512 664 707 749 quod,
766 685 911 729 cum
967 663 1231 728 civitate
1281 664 1676 748 expellerent
1718 662 2211 746 Hermodorum,

205 753 295 819 ita
348 751 548 818 locuti
613 750 1100 817 sint:“Nemo
1166 750 1251 815 de
1305 752 1529 818 nobis
1592 773 1783 817 unus
1847 751 2210 833 excellat;

206 841 317 904 sin
379 840 552 925 quis
616 840 1004 923 extiterit,
1059 839 1214 904 alio
1268 838 1349 904 in
1400 840 1570 905 loco
1631 842 1706 903 et
1761 838 1955 922 apud
2017 837 2211 903 alios

206 926 342 993 sit?
448 926 557 991 An
595 927 742 1003 *hoc
796 948 930 992 non
991 927 1086 992 ita
1145 927 1222 991 fit
1283 928 1461 992 omni
1520 926 1591 990 in
1650 924 1939 1010 populo?
1998 946 2211 991 nonne

205 1036 454 1079 omnem
500 1016 1024 1099 exsuperantiam
1068 1014 1329 1080 virtutis
1377 1013 1690 1079 oderunt?
1768 1012 1978 1090 Quid?
2068 1013 2213 1079 Ari-

123 1127 176 1166 ιο
205 1102 398 1167 stides
456 1099 658 1186 (malo
714 1102 883 1166 enim
938 1100 1330 1167 Graecorum
1386 1124 1580 1187 quam
1625 1106 1852 1167 nostra
1900 1099 2213 1188 proferre)

202 1210 409 1255 nonne
449 1190 531 1254 ob
561 1210 706 1253 eam
744 1210 1006 1254 causam
1034 1190 1335 1272 expulsus
1365 1194 1463 1254 est
1490 1191 1722 1274 patria,
1760 1190 1931 1275 quod
1956 1193 2215 1274 praeter

204 1276 461 1341 modum
506 1276 716 1341 iustus
762 1275 977 1341 esset?
1051 1274 1325 1352 Quantis
1370 1277 1573 1361 igitur
1608 1278 1925 1341 molestiis
1962 1281 2215 1361 vacant,

206 1364 314 1447 qui
355 1363 522 1427 nihil
569 1362 832 1430 omnino
889 1385 1033 1428 cum
1087 1365 1331 1447 populo
1389 1363 1804 1429 contrahunt!
1895 1361 2062 1439 Quid
2118 1369 2218 1428 est

54 1510 56 1519 .
205 1451 376 1515 enim
434 1451 683 1517 dulcius
739 1450 875 1517 otio
930 1450 1264 1515 litterato?
1320 1452 1401 1515 iis
1461 1450 1603 1516 dico
1662 1450 1928 1534 litteris,
1981 1452 2214 1535 quibus

54 1538 58 1549 '
121 1564 176 1604 ιε»
203 1539 590 1603 infinitatem
624 1559 839 1603 rerum
875 1541 1068 1621 atque
1103 1541 1375 1602 naturae
1412 1541 1480 1602 et
1521 1539 1591 1603 in
1629 1538 1753 1604 hoc
1798 1539 1941 1623 ipso
1977 1538 2214 1603 mundo

203 1627 477 1709 caelum,
521 1629 730 1691 terras
738 1675 757 1709 ,
803 1626 1010 1689 maria
1053 1626 1521 1710 cognoscimus,

335 1711 728 1796 Contempto
756 1713 957 1797 igitur
982 1712 1247 1797 honore,
1275 1716 1649 1797 contempta
1675 1714 1875 1779 etiam
1900 1714 2174 1797 pecunia

201 1800 355 1885 quid
408 1801 820 1885 relinquitur,
876 1800 1047 1885 quod
1101 1801 1647 1866 extimescendum
1692 1799 1820 1866 sit‘?
1910 1802 2216 1886 Exilium,

201 1889 415 1971 credo,
461 1889 631 1973 quod
674 1889 744 1952 in
788 1888 1105 1953 maxumis
1150 1889 1341 1953 malis
1388 1888 1660 1954 ducitur.
1730 1887 1807 1952 Id
1852 1889 1910 1953 si
1948 1892 2219 1973 propter

113 2003 172 2042 20
205 1976 482 2040 alienam
547 1979 614 2040 et
679 1976 990 2039 offensam
1047 1976 1274 2060 populi
1332 1976 1736 2041 voluntatem
1799 1976 2041 2040 malum
2104 1980 2219 2060 est,

199 2084 396 2147 quam
461 2063 549 2127 sit
612 2083 688 2127 ea
750 2064 1245 2147 contemnenda,
1325 2064 1520 2147 paulo
1586 2069 1734 2128 ante
1798 2063 2039 2129 dictum
2102 2068 2219 2130 est.

201 2148 318 2215 Sin
355 2149 582 2215 abesse
619 2150 831 2234 patria
866 2152 1174 2215 miserum
1211 2154 1335 2235 est,
1379 2152 1612 2235 plenae
1653 2152 2035 2217 miserorum
2070 2174 2219 2236 pro·

197 2238 452 2303 vinciae
512 2242 690 2322 sunt,
750 2258 827 2302 ex
888 2239 1118 2321 quibus
1176 2239 1521 2304 admodum
1574 2240 1762 2324 pauci
1813 2239 1885 2305 in
1942 2242 2219 2323 patriam

197 2328 630 2389 revertuntur.
699 2324 794 2389 At
829 2326 1188 2390 multantur
1237 2327 1427 2392 bonis
1475 2328 1710 2392 exules.
1784 2325 1954 2403 Quid
1987 2328 2172 2392 tum?
2224 2340 2321 2388 107

103 2440 167 2481 25
198 2434 514 2497 parumne
541 2412 748 2477 multa
783 2412 862 2477 de
889 2413 1226 2477 toleranda
1263 2417 1645 2498 paupertate
1681 2412 2025 2479 dicuntur?
2079 2413 2221 2479 Iam

197 2521 355 2565 vero
402 2500 688 2581 exilium,
735 2499 793 2564 si
835 2521 1050 2565 rerum
1093 2504 1420 2584 naturam,
1464 2523 1597 2566 non
1639 2501 2064 2587 ignominiam
2108 2523 2219 2567 no-

195 2588 397 2653 minis
451 2588 846 2671 quaerimus,
901 2590 1214 2671 quantum
1267 2589 1529 2653 tandem
1583 2611 1623 2653 a
1673 2592 1987 2673 perpetua
2040 2611 2220 2673 pere-

197 2674 568 2760 grinatione
613 2675 870 2740 differt?
917 2676 988 2740 in
1032 2698 1160 2761 qua
1206 2680 1453 2741 aetates
1493 2698 1642 2741 suas
1686 2676 2063 2761 philosophi
2107 2700 2220 2743 no-

195 2763 509 2827 bilissimi
536 2767 1087 2846 consumpserunt,
1115 2762 1529 2848 Xenocrates,
1552 2762 1847 2843 Crantor,
1874 2764 2221 2848 Arcesilas,

95 2880 166 2920 30
196 2850 492 2934 Lacydes
502 2901 521 2935 ,
566 2850 982 2933 Aristoteles,
1038 2850 1555 2934 Theophrastus,
1610 2850 1811 2937 Zeno,
1856 2850 2221 2937 Cleanthes,

196 2936 638 3023 Chrysippus,
675 2937 1049 3022 Antipater,
1085 2936 1478 3024 Carneades,
1513 2937 1969 3019 Clitomachus,
2014 2942 2219 3019 Phile,

193 3025 598 3109 Antiochus,
651 3023 1032 3110 Panaetius,
1081 3025 1497 3110 Posidonius,
1546 3027 2045 3093 innumerabiles
2092 3028 2221 3110 alii,

195 3112 316 3197 qui
361 3114 560 3176 semel
614 3115 858 3199 egressi
908 3134 1261 3197 numquam
1316 3113 1575 3178 domum
1624 3118 2039 3181 reverterunt.
2129 3114 2223 3178 At

65 3254 71 3259 .
196 3199 380 3265 enim
409 3200 546 3264 sine
570 3200 933 3285 ignominia
961 3252 976 3266 .
1004 3252 1018 3266 .
1048 3250 1062 3264 .
1092 3200 1362 3265 adficere
1389 3202 1791 3285 sapientem?
1821 3203 1897 3268 de
1927 3201 2221 3285 sapiente

85 3318 156 3359 85
198 3288 380 3353 enim
424 3287 586 3352 haec
632 3288 843 3354 omnis
890 3289 1098 3354 oratio
1145 3292 1268 3373 est,
1320 3290 1424 3354 cui
1466 3291 1605 3354 iure
1649 3291 1716 3355 id
1762 3289 2046 3354 accidere
2090 3312 2223 3354 non
2264 3334 2267 3337 -

192 3376 444 3459 possit3
511 3398 664 3441 nam
727 3376 866 3442 iure
931 3377 1300 3442 exulantem
1366 3378 1685 3442 consolari
1752 3398 1887 3441 non
1949 3380 2223 3461 oportet.

187 3463 540 3529 Postremo
595 3464 680 3529 ad
725 3464 933 3559 omnis
980 3485 1163 3530 casus
1217 3465 1530 3530 facillima
1578 3464 1747 3530 ratio
1795 3468 1894 3529 est
1938 3486 2176 3551 eorum,
2226 3476 2328 3527 108

2238 1682 2320 1748 37

2221 1762 2321 1810 106
