2609 3884
641 142 1721 214 LIB.11.CAP.16,17.§51—.55
2096 148 2184 211 45

148 307 371 369 totum
406 304 547 384 hoc,
585 305 944 388 sapientem
984 305 1333 390 aliquando
1376 307 1691 371 sustinere
1720 307 2183 392 adsensionem,

152 396 388 458 contra
442 413 558 457 vos
614 396 728 458 est.
830 391 898 458 Si
954 393 1127 458 enim
1181 394 1353 458 inter
1411 394 1553 458 visa
1594 394 1762 458 nihil
1824 395 2185 480 interesset,

153 482 275 546 aut
337 502 589 564 semper
653 481 1002 546 sustineret
1065 485 1179 546 aut
1240 503 1613 566 numquam.
1730 481 1856 548 Sed
1920 505 1998 548 ex
2059 485 2185 549 hoc

154 589 396 654 genere
457 572 598 634 toto
662 569 940 652 perspici
1002 571 1222 652 potest
1281 570 1511 634 levitas
1568 571 1879 636 orationis
1947 593 2187 656 eorum,

98 681 126 722 5
155 657 271 742 qui
329 658 550 722 omnia
594 656 864 740 cupiunt
908 657 1315 722 confundere.
1390 657 1769 734 Quaerimus
1820 660 2185 744 gravitatiS,

155 745 564 810 constantiae
581 795 595 824 ,
666 745 1025 829 firmitatis,
1100 746 1457 828 sapientiae
1528 747 1866 831 iudicium,
1946 749 2189 813 utimur

157 833 475 916 exemplis
525 833 1016 916 somniantium,
1059 833 1483 918 furiosorum,
1537 835 1965 918 ebriosorum3
2024 837 2187 901 illud

157 921 584 1002 attendimus,
647 921 718 985 in
776 922 902 987 hoc
956 922 1135 987 omni
1187 943 1421 1008 genere
1487 945 1681 1008 quam
1742 923 2187 990 inconstanter

154 1009 548 1094 loquamur?
645 1008 709 1075 N
712 1031 798 1074 on
856 1010 1031 1074 enim
1083 1011 1518 1094 proferremus
1575 1011 1729 1077 vino
1786 1015 1898 1076 aut
1956 1034 2184 1078 somno

69 1123 126 1162 10
157 1119 504 1181 oppressos
571 1099 686 1162 aut
748 1102 965 1163 mente
1035 1103 1260 1183 captos
1323 1102 1462 1163 tam
1527 1098 1829 1183 absurde,
1899 1103 1975 1164 ut
2045 1103 2186 1164 tum

155 1187 515 1251 diceremus
573 1185 889 1250 interesse
942 1188 1115 1252 inter
1167 1186 1582 1272 vigilantium
1644 1187 1788 1252 visa
1852 1190 1918 1251 et
1981 1188 2185 1253 sobri-

155 1296 347 1340 orum
395 1278 463 1339 et
507 1295 812 1340 sanorum
858 1277 927 1339 et
971 1296 1218 1358 eorum,
1274 1275 1387 1359 qui
1437 1278 1654 1339 essent
1696 1276 1887 1340 aliter
1930 1275 2186 1361 adfecti,

151 1366 303 1427 tum
347 1361 516 1427 nihil
559 1362 891 1427 interesse.
989 1361 1090 1427 Ne
1144 1362 1270 1427 hoc
1318 1362 1574 1447 quidem
1624 1367 1921 1448 cernunt,
1966 1365 2185 1429 omnia
2221 1376 2289 1424 54

155 1472 231 1515 se
275 1449 542 1514 reddere
595 1449 869 1534 incerta,
923 1450 1094 1534 quod
1147 1450 1399 1516 nolunt.
1493 1450 1597 1515 Ea
1654 1451 1797 1516 dico
1857 1451 2185 1533 incerta,

69 1563 124 1602 15
155 1559 328 1622 quae
381 1532 599 1621 asnaa
653 1499 898 1602 Graec'i.
990 1536 1061 1603 Si
1115 1539 1288 1603 enim
1331 1560 1435 1603 res
1494 1560 1561 1604 se
1606 1538 1704 1604 ita
1746 1539 2057 1623 habeant,
2112 1545 2187 1604 ut

153 1625 329 1690 nihil
372 1627 654 1710 intersit,
699 1629 917 1690 utrum
953 1626 1050 1690 ita
1088 1626 1191 1690 cui
1226 1626 1522 1692 videatur
1566 1629 1641 1690 ut
1688 1627 1945 1706 insan0,
1990 1650 2075 1693 an
2116 1634 2190 1694 ut

154 1737 343 1798 san0,
379 1715 483 1778 cui
517 1715 733 1798 possit
766 1714 1174 1797 exploratum
1205 1736 1345 1779 esse
1383 1715 1461 1779 de
1498 1735 1617 1779 sua
1653 1714 1976 1780 sanitate?
2016 1717 2185 1800 quod

154 1803 333 1868 velle
369 1802 623 1868 efficere
659 1824 794 1867 non
828 1802 1165 1868 mediocris
1203 1803 1497 1870 insaniae
1534 1806 1651 1867 est.
1716 1800 2183 1870 Similitudines

153 1912 314 1957 vero
356 1893 472 1955 aut
506 1890 912 1976 geminorum
950 1892 1065 1955 aut
1099 1891 1434 1993 signorum
1472 1891 1741 1956 anulis
1720 1913 2185 1976 impressorum

69 2006 125 2046 20
152 1978 492 2063 pueriliter
537 1982 1005 2044 consectantur.
1106 1979 1264 2055 Quis
1327 1980 1499 2044 enim
1541 1982 1839 2044 nostrum
1886 1981 2184 2046 similitu-

155 2068 344 2132 dines
399 2070 599 2152 negat
653 2088 820 2150 esse,
874 2088 1021 2132 cum
1086 2089 1199 2132 eae
1252 2067 1549 2150 plurimis
1613 2068 1684 2132 in
1736 2068 1930 2133 rebus
1986 2090 2183 2154 appa-

151 2158 387 2220 reant?
495 2153 620 2219 Sed
696 2155 751 2220 si
807 2155 964 2220 satis
1031 2158 1132 2220 est
1193 2155 1276 2219 ad
1338 2155 1695 2221 tollendam
1748 2156 2183 2242 cognitionem

156 2242 401 2308 similia
456 2264 596 2307 esse
649 2244 856 2308 multa
908 2244 1288 2327 multorum,
1345 2265 1459 2309 cur
1512 2265 1589 2309 eo
1642 2265 1777 2310 non
1829 2245 1985 2309 estis
2036 2267 2183 2310 con-

153 2331 357 2415 tenti,
392 2331 772 2416 praesertim
809 2331 1304 2398 concedentibus
1339 2331 1576 2397 nobis?
1618 2340 1683 2396 et
1718 2354 1829 2397 cur
1864 2333 1932 2396 id
1965 2333 2183 2417 potius

73 2446 128 2487 25
159 2419 552 2485 contend1t1s
561 2470 580 2504 ,
635 2419 808 2505 quod
859 2441 1078 2484 rerum
1135 2423 1372 2484 natura
1413 2441 1548 2485 non
1598 2421 1872 2505 patitur,
1926 2424 2001 2484 ut
2052 2443 2185 2486 non

153 2510 233 2573 in
278 2529 397 2574 suo
453 2507 730 2593 quidque
786 2528 1018 2593 genere
1065 2508 1154 2573 sit
1195 2508 1353 2592 tale,
1406 2508 1597 2592 quale
1643 2512 1767 2592 est,
1821 2529 1940 2572 nec
1986 2509 2074 2572 sit
2115 2509 2186 2573 in

160 2596 415 2662 duobus
462 2599 576 2661 aut
623 2596 918 2680 pluribus
962 2597 1146 2661 nulla
1188 2618 1260 2660 re
1305 2595 1605 2660 differens
1650 2596 1789 2660 ulla
1834 2596 2185 2660 communi-

155 2683 308 2750 tas‘?
371 2687 416 2766 †
476 2686 552 2748 ut
613 2683 740 2749 sibi
801 2685 934 2750 sint
996 2688 1063 2748 et
1126 2706 1250 2750 ova
1304 2705 1576 2749 ovorum
1630 2687 1696 2748 et
1750 2705 1901 2767 apes
1966 2685 2186 2785 apium

161 2773 554 2838 simillimae.
645 2771 811 2848 Quid
855 2794 1106 2858 pugnas
1151 2773 1401 2858 igitur?
1454 2775 1566 2836 aut
1608 2771 1760 2856 quid
1802 2771 1926 2835 tibi
1971 2773 2069 2836 vis
2115 2773 2185 2837 in

80 2887 133 2927 30
159 2860 484 2945 geminis?
575 2857 964 2925 Conceditur
1010 2862 1180 2926 enim
1237 2861 1479 2927 similes
1528 2881 1668 2925 esse
1677 2910 1695 2944 ,
1749 2881 1876 2944 quo
1924 2863 2186 2925 conten-

158 2954 267 3016 tus
326 2970 466 3014 esse
524 2951 856 3032 potueras3
908 2953 985 3013 tu
1037 2953 1255 3014 autem
1313 2949 1411 3014 vis
1468 2948 1728 3014 eosdem
1780 2949 1971 3032 plane
2027 2970 2186 3034 esse,
2223 2959 2290 3009 55

159 3059 298 3102 non
341 3036 616 3120 similes,
663 3037 834 3121 quod
878 3037 1021 3101 fieri
1054 3038 1237 3103 nullo
1275 3038 1468 3103 modo
1512 3040 1750 3121 potest.
1823 3037 1993 3102 Dein
2036 3058 2185 3102 con-

158 3125 335 3210 fugis
382 3124 464 3190 ad
509 3123 818 3208 physicos
865 3146 974 3190 eos
984 3175 1002 3209 ,
1053 3125 1164 3209 qui
1209 3127 1487 3190 maxime
1532 3125 1603 3190 in
1636 3124 1991 3190 Academia
2034 3125 2188 3190 inri-

161 3214 420 3297 dentur,
465 3234 506 3276 a
551 3212 786 3297 quibus
829 3235 914 3278 ne
957 3217 1033 3278 tu
1077 3214 1333 3297 quidem
1376 3215 1509 3278 iam
1561 3215 1628 3278 te
1678 3213 2063 3298 abstinebis,
2122 3218 2189 3277 et

85 3325 135 3368 85
163 3301 260 3366 ais
297 3299 750 3366 Democritum
795 3299 1006 3366 dicere
1051 3302 1556 3367 innumerabiles
1598 3323 1737 3366 esse
1772 3303 2075 3386 mundos,
2124 3305 2188 3366 et

163 3389 422 3474 quidem
459 3387 554 3453 sic
600 3390 911 3474 quosdam
946 3390 1120 3455 inter
1160 3411 1302 3455 sese
1336 3412 1472 3455 non
1507 3389 1721 3454 solum
1759 3389 2028 3473 similes,
2074 3390 2185 3454 sed

159 3477 441 3562 undique
495 3477 777 3562 perfecte
835 3480 903 3543 et
957 3479 1252 3544 absolute
1310 3477 1405 3542 ita
1458 3499 1675 3563 pares,
1734 3481 1809 3543 ut
1851 3477 2025 3541 inter
2076 3498 2185 3542 eos
