2609 3884
847 121 1275 179 ADNOTATIO
1318 123 1509 178 ORITJ
1514 123 1621 178 CA.
2012 126 2245 182 XXXIII

211 281 525 346 intuentur,-
585 285 651 336 ut
694 281 745 336 ii
789 285 1060 349 aspectum
1113 283 1335 337 omnino
1384 283 1627 336 amittere
1678 283 1876 350 solent,
1922 285 2004 340 sic
2052 289 2245 340 mentis

213 353 349 406 acies
375 382 446 391 —
474 367 595 406 non
619 368 922 420 numquam
946 353 1186 408 hebescit.
1217 383 1284 392 —-
1312 352 1374 406 P.
1404 357 1525 406 307.
1558 357 1620 405 11
1656 353 1827 422 [leqes
1854 357 1999 409 enim
2026 358 2244 427 vetant]

217 421 354 489 Sor„
399 421 568 478 Hein.
616 422 678 476 in
723 421 848 476 adn.
908 422 1055 490 crit„
1100 422 1269 491 fals0,
1320 422 1504 477 credo,
1554 452 1621 461 —
1666 423 1724 480 P.
1768 431 1888 480 307.
1929 432 1995 480 21
2036 443 2116 494 sq.
2164 443 2243 480 ec-

214 493 476 561 quidnam
511 494 676 549 aliud
710 498 806 548 est
840 494 984 547 nisi
1018 495 1159 548 mori
1193 492 1437 548 discere?
1475 510 1527 547 v.
1558 491 1723 561 Seyff.
1750 494 1903 550 Lael.
1934 515 1988 566 p.
2020 502 2121 550 129
2154 498 2242 551 ed.

215 563 288 630 Π,
321 580 420 618 nec
446 565 744 633 quicquam
771 563 929 618 aliud
963 565 1129 618 emori
1154 564 1287 619 disc.
1318 563 1476 619 codd.
1492 604 1507 629 ,
1544 565 1736 632 ecquid
1772 566 1932 620 alind
1966 571 2043 620 est
2078 584 2244 635 quam

217 635 351 688 mori
393 633 644 688 discere?
687 633 950 688 Wesenb.
965 677 978 701 ‚
1023 632 1198 702 Bait„
1247 634 1363 689 Sor.
1379 677 1393 701 ,
1439 635 1764 702 ecquidnam
1798 637 1957 690 aliud
1993 642 2069 691 est
2103 640 2244 692 mori

218 703 455 759 discere?
497 704 692 772 Seyff,
735 703 900 759 Hein.
936 706 1266 759 revocantes
1304 720 1550 758 errorem
1593 704 1707 757 iam
1745 705 1842 759 diu
1880 706 2168 775 explosum
2210 725 2245 762 a

219 773 507 844 Madvigio
545 775 616 829 de
660 775 754 829 fin.
791 775 844 829 V
890 781 975 829 11.
1011 781 1079 830 31
1125 793 1182 844 Ρ.
1222 780 1326 831 658
1374 792 1454 842 sq.
1492 805 1563 814 ——
1596 774 1657 829 P.
1698 782 1820 831 308.
1864 781 1897 830 5
1936 794 2053 845 sqq.
2096 778 2245 847 Quid

218 844 419 969 5553&
459 845 1618 985 {effugegistalassessossgicmsagggtzffipd
1650 846 2246 989 ssssffisstffisffiiuss*

218 987 286 1040 A.
325 957 480 1056 Quid
514 958 720 1055 refert'?
777 987 864 1041 Μ.
901 959 1056 1042 ’Certe
1099 987 1290 1056 refert3
1339 988 1545 1041 adsunt
1581 986 1791 1054 Sorof.;
1825 1004 1940 1042 non
1976 987 2126 1042 enim
2159 961 2245 1043 re3

216 1055 451 1111 futantis
479 1073 602 1112 esse
637 1056 975 1127 particulam
1005 1059 1172 1124 enim,
1201 1057 1301 1112 sed
1330 1056 1716 1112 adsentientis,
1780 1057 1944 1124 Quod
1981 1060 2245 1127 quoniam

217 1127 452 1198 longum
510 1129 599 1182 est
649 1127 867 1183 ratione
915 1128 1198 1198 refellere,
1253 1129 1477 1182 tantum
1529 1126 1741 1194 dicam,
1792 1144 1920 1183 mea
1968 1131 2247 1184 sententia

215 1213 317 1251 nec
351 1197 588 1267 probari
620 1213 726 1252 nec
761 1197 899 1252 reici
943 1215 1044 1268 per
1079 1200 1222 1253 enim
1273 1196 1613 1264 sententiam
1656 1199 1917 1266 alterius,
1964 1199 2063 1254 sed
2110 1217 2245 1255 suae

219 1284 446 1323 causam
493 1268 680 1338 reddi,
737 1285 878 1338 quae
923 1272 1117 1323 utrum⁴
1157 1267 1277 1324 aiat
1321 1285 1395 1322 an
1438 1270 1635 1338 neget,
1679 1268 1848 1324 facile
1897 1269 2247 1340 intellegitur

217 1355 286 1392 ex
320 1355 391 1393 eo
425 1339 581 1408 ipsc,
616 1340 770 1407 quod
805 1340 1192 1409 respondetur.
1230 1370 1297 1379 —
1335 1338 1398 1392 P.
1436 1345 1560 1394 308.
1598 1345 1665 1393 13
1704 1342 1996 1395 contemnit
2022 1341 2243 1396 defend.

219 1409 426 1480 Tregd.
466 1411 527 1463 et
568 1408 759 1478 Seyff,
797 1410 974 1464 ceteri
1008 1411 1124 1464 fere
1163 1409 1448 1464 damnant.
1487 1439 1555 1449 —
1600 1409 1662 1464 P.
1700 1415 1821 1465 308.
1861 1417 1932 1465 30
1967 1410 2249 1482 [Stoicos]

219 1479 400 1534 Sorof.
457 1478 844 1548 probabiliter.
897 1510 966 1520 —
1011 1480 1074 1535 P.
1120 1485 1241 1551 308.
1294 1486 1363 1535 36
1418 1480 1481 1534 id
1532 1494 1649 1536 non
1700 1481 1999 1536 concedant
2039 1482 2246 1550 Madv„

215 1549 378 1604 Hein.
393 1592 409 1619 ‚
464 1550 672 1606 idcirco
726 1566 840 1606 non
901 1551 1040 1605 dant
1102 1550 1291 1619 codd,
1360 1550 1424 1604 id
1477 1551 1874 1606 circwncidant
1935 1550 2005 1605 de
2060 1551 2246 1606 Madv.

217 1621 402 1675 altera
449 1620 594 1675 coni.
644 1620 818 1689 Bait„
881 1620 1085 1689 Sorof„
1135 1622 1198 1674 id
1249 1635 1375 1675 vero
1429 1635 1544 1674 non
1596 1621 1726 1676 dent
1779 1620 1973 1691 Seyff,
2025 1622 2089 1676 id
2142 1623 2247 1676 cir-

216 1691 547 1746 cumrodant
589 1691 772 1760 Jeep,
836 1707 1024 1761 progr.
1071 1690 1354 1746 Guelferb.
1402 1695 1541 1760 1865
1585 1708 1641 1760 Ρ.
1692 1697 1740 1746 7.
1789 1721 1856 1730 -
1902 1690 1963 1747 P.
2011 1697 2132 1746 309.
2180 1698 2249 1747 30

216 1763 436 1828 faciant
496 1761 643 1816 ‘non
695 1763 878 1816 minus
933 1762 1218 1816 soloecum
1273 1777 1395 1832 esse
1412 1802 1427 1830 ,
1486 1777 1653 1828 quam
1708 1762 1758 1814 si
1810 1760 1935 1828 quis
1988 1761 2249 1815 librarius

218 1831 539 1902 scripsisset
586 1832 652 1886 in
703 1833 803 1898 iis,
855 1849 996 1902 qnae
1047 1831 1383 1902 yiynantur’
1395 1871 1415 1898 ,
1472 1829 1877 1885 recentioribus
1925 1831 2249 1901 editoribuS,

217 1903 283 1956 ut
324 1901 581 1970 videtur,
631 1901 886 1957 omnibus
930 1901 1210 1972 persuasit
1261 1901 1526 1971 Wesenb.
1618 1900 1783 1972 Quod
1836 1901 1957 1970 ipse
2006 1902 2251 1973 scripsit,

218 1973 467 2039 faciunt,
530 1973 685 2028 recte
749 1973 832 2028 ita
886 1972 1156 2044 explicat:
1229 1972 1353 2039 Ea,
1404 1987 1545 2042 quae
1604 1972 2018 2027 similitudinem
2070 1973 2250 2027 homi-

217 2060 352 2096 num
396 2044 645 2110 facium,
701 2049 832 2098 sunt
875 2060 966 2111 ea,
1012 2060 1151 2113 quae
1195 2044 1260 2096 in
1303 2058 1527 2112 corpore
1575 2043 1910 2112 yiynantnr,
1963 2059 2251 2112 quaecam-

219 2130 320 2183 que
371 2119 532 2181 sunt,
582 2129 688 2168 nec
736 2113 919 2169 minus
964 2116 1118 2168 recte
1166 2114 1344 2184 negat
1394 2129 1743 2183 qaaecumque
1784 2119 1941 2180 sunt,
1994 2130 2135 2183 quae
2173 2116 2250 2169 si-

218 2185 592 2240 militudinem
644 2184 861 2252 faciant
912 2185 998 2240 ita
1048 2183 1209 2254 iungi
1262 2183 1458 2253 licere,
1512 2187 1577 2239 ut
1620 2184 1718 2239 sit=
1778 2184 1949 2238 ‘Was
1996 2200 2055 2238 es
2106 2186 2250 2239 auch

220 2254 404 2325 giebt,
442 2254 544 2310 das
583 2255 714 2322 —’;
756 2271 954 2309 verum
1005 2271 1119 2310 non
1163 2254 1443 2308 intellexit
1490 2255 1589 2325 Ea
1622 2259 1779 2322 sumt,
1817 2270 1959 2324 quae
1990 2255 2249 2310 similitu-

223 2326 405 2380 dinem
438 2326 658 2393 faciant
691 2325 890 2380 Latine
926 2325 988 2378 id
1025 2341 1173 2393 esse,
1212 2325 1365 2393 quod
1398 2341 1501 2379 nos
1540 2324 1801 2380 dicimus:
1856 2325 2021 2379 ‘Dies
2057 2325 2145 2378 ist.
2171 2341 2247 2393 es,

221 2413 336 2450 was
376 2426 444 2435 -—
461 2395 480 2422 ’
495 2437 510 2462 ,
555 2397 820 2464 recteque
857 2394 1272 2450 coniunctimm
1306 2396 1515 2450 habere
1559 2395 1621 2450 in
1663 2395 1907 2450 relativa
1952 2396 2251 2462 sententia,

222 2465 377 2521 cuius
412 2466 558 2520 haec
595 2465 671 2520 sit
693 2466 816 2536 ,visz
863 2466 1079 2521 Eorum
1113 2483 1178 2520 ea
1211 2467 1296 2520 vis
1331 2470 1437 2533 est,
1471 2471 1536 2520 ut
1568 2467 1984 2530 similitudinem
2018 2466 2249 2530 faciant.

222 2535 301 2591 Cf.
338 2535 412 2590 N.
440 2536 509 2590 D.
537 2535 566 2589 I
609 2542 691 2591 18.
730 2543 799 2592 48
835 2553 902 2592 ea
935 2537 1120 2606 fiana
1155 2541 1256 2603 est,
1292 2552 1433 2604 qnae
1458 2537 1831 2604 pulcherrima
1864 2537 1940 2589 sit
1976 2536 2071 2602 (est
2105 2533 2251 2588 falso

220 2622 370 2661 nunc
398 2604 566 2675 edd),
594 2606 782 2661 Madv.
813 2607 883 2660 de
911 2607 1002 2661 fin.
1031 2625 1088 2677 p.
1119 2613 1204 2674 92,
1231 2623 1401 2675 supra
1426 2605 1501 2658 ad
1526 2623 1581 2675 p.
1613 2611 1696 2660 68.
1728 2610 1813 2659 14.
1843 2635 1911 2644 ——
1938 2605 2000 2658 P.
2031 2610 2151 2659 310.
2182 2611 2254 2658 34

215 2678 521 2746 ptolomaeo
547 2676 674 2732 eod.
701 2678 769 2746 R,
787 2678 1125 2747 phtholomeo
1153 2676 1220 2746 G,
1250 2676 1559 2731 Ptolemaeo
1596 2675 1746 2742 edd.;
1780 2692 1837 2729 v.
1864 2674 1939 2729 ad
1964 2691 2017 2743 p.
2050 2679 2171 2729 235.
2201 2682 2251 2730 2.

221 2777 286 2786 —-
314 2747 380 2801 P.
408 2752 534 2801 311.
566 2752 600 2801 3
627 2747 693 2801 in
718 2763 824 2817 qao
851 2749 1052 2816 Bentl.‚
1087 2747 1371 2814 Wesenb.‚
1407 2745 1572 2815 Bait„
1610 2744 1789 2800 Sorof.
1830 2775 1897 2786 —
1937 2745 2001 2800 P.
2031 2751 2153 2800 311.
2183 2751 2251 2800 29

221 2817 520 2884 occidisset,
555 2817 716 2872 talem
741 2818 997 2887 plerique
1027 2818 1206 2888 editt„
1243 2817 1545 2883 accidisset,
1570 2822 1752 2872 tamen
1779 2814 1960 2884 codd,
1990 2815 2153 2885 Seyff.
2186 2847 2253 2856 —

221 2887 281 2942 P.
300 2893 428 2942 312.
449 2893 483 2941 6
511 2902 626 2942 non
653 2889 812 2943 liberi
837 2891 1013 2958 defleti
1038 2889 1201 2958 Bait„
1237 2903 1353 2943 non
1379 2888 1539 2943 liberi
1563 2916 1633 2928 —
1651 2887 2063 2956 possiderentur
2088 2887 2251 2941 Hein.

223 2959 280 3012 et
306 2957 489 3013 Sorof.
519 2957 716 3014 inclus.
746 2989 813 3000 -—
841 2960 904 3014 P.
934 2964 1056 3014 312.
1086 2965 1152 3014 13
1175 2959 1408 3029 perinde
1434 2957 1579 3013 Bait.
1610 2958 1697 3012 ed.
1727 2957 1817 3014 Or.
1848 2988 1915 2998 —
1942 2957 2005 3012 P.
2032 2963 2153 3012 312.
2184 2964 2253 3014 28

227 3140 418 3239 Seyff.’,
456 3174 495 3237 †
535 3168 731 3226 Carere
763 3168 910 3224 Bait.
948 3201 1019 3213 -—
1052 3170 1114 3227 P.
1145 3175 1266 3227 314.
1300 3175 1366 3224 12
1395 3177 1495 3225 aut
1522 3141 1745 3239 s’cripsi,
1770 3140 1846 3224 ’ut
1872 3141 2051 3235 coddf,
2088 3166 2253 3237 Bait„

226 3239 432 3308 Sorof„
471 3256 595 3295 cum
621 3240 812 3310 Seyff„
848 3240 1011 3298 Hein.
1078 3241 1151 3296 Ut
1187 3241 1363 3295 Sorof.
1393 3239 1534 3294 mire
1560 3239 1694 3294 talis
1719 3238 2034 3306 brevitatis,
2071 3238 2254 3306 qualis

225 3313 312 3365 est
346 3310 408 3366 in
445 3311 550 3366 Ita
594 3312 744 3379 dico,
786 3315 852 3367 wt
895 3313 997 3378 sit,
1043 3310 1410 3366 similitudine
1449 3309 1726 3377 defendit,
1778 3325 1920 3379 quae
1956 3307 2114 3363 nulla
2150 3311 2253 3362 est.

227 3380 366 3435 Gum
411 3383 716 3452 propterea
757 3381 942 3436 minus
987 3384 1183 3453 aptum
1217 3381 1468 3449 videtur,
1515 3381 1667 3450 quod
1706 3395 1811 3434 nec
1849 3395 2073 3433 causam
2111 3378 2255 3433 desi-

228 3451 489 3508 deramus
535 3453 596 3506 in
641 3469 710 3508 ea
745 3452 1048 3522 sententia,
1097 3467 1239 3521 quae
1278 3453 1348 3506 ab
1388 3451 1589 3522 Itaque
1623 3450 1884 3519 incipiat,
1929 3464 2035 3502 nec
2068 3447 2129 3500 in
2163 3447 2253 3499 his

331 3548 448 3592 010.
470 3551 554 3592 IV.
581 3553 622 3593 1.
1900 3551 1931 3589 0
