2609 3884
372 179 502 244 218
699 179 795 235 DE
834 174 1123 233 FINIBUS
1159 174 1521 233 BONORUM
1554 177 1650 232 ET
1686 174 2057 231 MALORUM

369 342 685 428 quaedam
750 344 815 405 et
877 340 1198 406 diviniora
1258 338 1601 423 vidissent,
1675 360 1899 403 sensus
1970 338 2395 422 reliquerunt,

369 432 466 496 sic
506 430 647 514 isti,
708 451 851 494 cum
899 450 977 494 ex
1023 428 1423 514 appetitione
1468 448 1684 492 rerum
1730 426 1991 493 virtutis
2035 426 2393 511 pulchritu-

368 519 587 583 dinem
613 518 1036 603 aspexissent,
1075 518 1313 600 omnia,
1350 538 1514 601 quae
1547 518 1804 599 praeter
1831 516 2143 580 virtutem
2178 515 2394 598 ipsam

367 607 689 691 viderant,
743 606 1117 671 abiecerunt
1171 603 1363 671 obliti
1414 607 1715 669 naturam
1772 625 2029 669 omnem
2084 607 2393 688 appeten-

364 694 595 760 darum
657 716 873 760 rerum
927 694 1025 759 ita
1067 694 1198 759 late
1243 695 1495 777 patere,
1548 696 1624 757 ut
1668 714 1709 758 a
1752 692 2089 776 principiis
2135 713 2390 776 perma-
2421 716 2451 757 ο

363 787 555 849 naret
625 782 708 847 ad
769 783 957 866 fines,
1019 804 1226 866 neque
1279 781 1670 866 intellegunt
1726 801 1793 845 se
1846 801 2063 846 rerum
2123 780 2392 845 illarum

308 954 310 957 y
366 872 786 955 pulchrarum
824 874 1016 955 atque
1045 870 1527 935 admirabilium
1562 868 1985 934 fundamenta
2016 867 2390 934 subducere.

263 939 348 1065 ff
500 959 728 1043 Itaque
783 958 945 1023 mihi
999 958 1298 1023 videntur
1354 978 1577 1059 omnes
1633 956 1891 1041 quidem
1954 957 2057 1059 illi
2120 978 2391 1039 errasse,

365 1049 718 1200 3132?ssssss
765 1046 1612 1219 ῗὲἒςῖξῗῗξέῖὲοῗέῗιῖἓὲἒ
1636 1044 2391 1217 33333,2²3?13a322¹
2421 1158 2479 1199 10

367 1223 728 1289 constituta
770 1223 935 1287 nihil
981 1223 1269 1306 omnine,
1324 1222 1496 1307 quod
1540 1223 1974 1307 appetendum
2020 1221 2133 1304 sit,
2164 1221 2392 1291 'relin-

367 1315 552 1396 quat,
616 1310 844 1376 deinde
909 1310 1160 1393 Aristo,
1234 1312 1348 1395 qui
1417 1310 1585 1375 nihil
1654 1310 2018 1394 relinquere
2080 1331 2215 1374 non
2289 1314 2393 1375 est

371 1422 589 1483 ausus,
651 1400 1014 1465 introduxit
1077 1403 1323 1483 autem,
1390 1399 1625 1483 quibus
1689 1401 2053 1463 commotus
2128 1397 2388 1481 sapiens

369 1491 706 1572 appeteret
759 1487 1031 1572 aliquid,
1086 1487 1529 1572 quodcumque
1591 1487 1661 1551 in
1712 1490 1997 1551 mentem
2058 1486 2391 1570 incideret,

370 1581 437 1641 et
489 1577 931 1662 quodcumque
983 1579 1320 1660 tamquam
1375 1578 1756 1641 occurreret.
1853 1573 1921 1639 Is
1975 1573 2100 1639 hoc
2158 1574 2392 1640 melior
2422 1599 2481 1641 15

368 1686 565 1747 quam
628 1664 911 1749 Pyrrho,
975 1664 1150 1748 quod
1213 1664 1475 1747 aliquod
1530 1684 1731 1749 genus
1791 1662 2138 1747 appetendi
2196 1662 2392 1747 dedit,

367 1752 653 1819 deterior
723 1775 914 1837 quam
989 1752 1218 1835 ceteri,
1291 1751 1464 1835 quod
1534 1752 1792 1835 penitus
1872 1774 1912 1815 a
1986 1755 2221 1815 natura
2291 1772 2390 1815 re-

369 1840 587 1906 cessit.
686 1839 891 1906 Stoici
955 1842 1198 1922 autem,
1256 1838 1429 1923 quod
1499 1841 1695 1904 finem
1759 1839 2078 1905 bonorum
2134 1839 2208 1903 in
2259 1860 2390 1904 una

369 1929 610 1993 virtute
679 1931 955 2012 ponunt,
1029 1928 1272 1993 similes
1348 1930 1500 1992 sunt
1569 1928 1858 2011 illorum3
1932 1927 2105 2012 quod
2173 1930 2389 1992 autem

367 2017 762 2100 principium
833 2014 1034 2081 officii
1106 2020 1457 2100 quaerunt,
1536 2016 1767 2081 melius
1842 2037 2035 2101 quam
2108 2014 2389 2101 Pyrrh03
2420 2042 2481 2083 so

367 2104 541 2189 quod
586 2125 663 2168 ea
705 2125 839 2168 non
885 2104 1290 2169 occurrentia
1335 2105 1615 2188 fingunt,
1670 2104 1939 2169 vincunt
1990 2104 2392 2189 Aristonem3

366 2192 540 2275 quod
604 2196 821 2256 autem
886 2212 988 2275 ea,
1051 2212 1215 2275 quae
1279 2192 1362 2255 ad
1370 2196 1726 2257 «naturam
1786 2191 2270 2257 accommodata
2324 2197 2393 2257 et

368 2301 484 2362 per
557 2300 626 2343 se
701 2278 1086 2344 assumenda
1159 2300 1299 2345 esse
1366 2280 1613 2364 dicunt,
1683 2301 1818 2345 non
1880 2280 2243 2364 adiungunt
2306 2280 2393 2346 ad

367 2367 564 2433 finem
610 2367 953 2451 bonorum,
998 2367 1364 2434 desciscunt
1411 2390 1450 2432 a
1492 2370 1726 2433 natura
1764 2371 1831 2432 et
1876 2369 2153 2452 quodam
2197 2368 2390 2433 modo

369 2459 522 2521 sunt
564 2477 697 2521 non
753 2455 1101 2521 dissimiles
1146 2456 1492 2522 Aristonis.
1594 2455 1715 2521 Ille
1771 2456 1943 2521 enim
1988 2457 2393 2522 occurrentia
2417 2482 2476 2523 25

367 2545 588 2610 nescio
645 2566 810 2630 quae
865 2544 1504 2628 comminiscebatur;
1558 2544 1628 2608 hi
1692 2548 1908 2609 autem
1971 2548 2223 2630 ponunt
2287 2546 2392 2609 illi

370 2633 629 2717 quidem
673 2633 885 2717 prima
926 2636 1226 2717 naturae,
1281 2633 1394 2698 sed
1440 2654 1518 2697 ea
1564 2633 1912 2718 seiungunt
1957 2654 1997 2699 a
2039 2633 2279 2698 finibus
2324 2636 2393 2698 et

370 2742 623 2786 summa
667 2722 1014 2807 bonorum3
1061 2742 1225 2805 quae
1268 2743 1414 2787 cum
1457 2724 1890 2805 praeponunt,
1935 2724 2011 2785 ut
2048 2722 2136 2785 sit
2172 2722 2392 2806 aliqua

367 2830 584 2873 rerum
641 2809 930 2893 selectio,
983 2812 1288 2874 naturam
1343 2808 1640 2873 videntur
1692 2810 1902 2894 sequi3
1966 2830 2112 2874 cum
2172 2812 2391 2874 autem

368 2899 615 2979 negant
694 2918 773 2961 ea
843 2898 1190 2981 quicquam
1261 2897 1347 2962 ad
1423 2898 1684 2962 beatam
1762 2897 1968 2962 vitam
2047 2898 2391 2982 pertinere,
2418 2923 2477 2966 ω

261 3004 333 3054 44
371 3004 596 3047 rursus
659 2988 960 3048 naturam
1023 2985 1411 3069 relinquunt.
1518 2984 1735 3069 Atque
1810 2984 2017 3050 adhuc
2090 3006 2167 3051 ea
2238 2985 2393 3071 dixi,

368 3092 562 3137 causa
600 3092 713 3135 cur
749 3071 993 3136 Zenoni
1027 3094 1160 3137 non
1193 3074 1452 3157 fuisset,
1500 3095 1692 3157 quam
1730 3074 1814 3138 ob
1850 3095 1990 3137 rem
2028 3095 2069 3137 a
2104 3074 2390 3157 superio-

367 3180 510 3224 rum
576 3159 964 3224 auctoritate
1027 3159 1407 3244 discederet3
1480 3183 1652 3226 nunc
1716 3162 1965 3245 reliqua
2034 3161 2390 3241 videamus,

365 3247 493 3311 nisi
547 3249 661 3312 aut
715 3246 797 3312 ad
849 3246 1036 3330 haec,
1101 3245 1294 3333 Cato,
1349 3249 1559 3314 dicere
1622 3249 1864 3333 aliquid
1928 3249 2027 3314 vis
2092 3252 2206 3314 aut
2268 3272 2389 3315 nos

367 3334 498 3398 iam
575 3334 899 3419 longiores
969 3356 1210 3400 sumuS.
1325 3336 1651 3402 Neutrum
1721 3359 1902 3422 vero,
1972 3338 2189 3422 inquit
2258 3338 2392 3403 ille.
2418 3362 2474 3412 aa

366 3418 540 3486 Nam
605 3425 672 3487 et
725 3445 764 3488 a
817 3427 883 3487 te
945 3423 1164 3506 perfici
1219 3424 1417 3491 istam
1473 3426 1979 3510 disputationem
2039 3427 2189 3492 volo
2198 3475 2218 3511 ,
2271 3448 2393 3493 nec

364 3513 482 3575 tua
527 3509 690 3575 mihi
735 3510 944 3575 oratio
991 3511 1188 3596 longa
1223 3512 1426 3578 videri
1462 3516 1698 3597 potest.
1770 3514 2056 3600 Optime,
2101 3515 2393 3600 inquam.
