2609 3884
149 2298 232 2407 Ἦ

309 287 376 337 10

333 1592 376 1657 6

308 2233 372 2282 11

412 114 542 178 282
801 113 1400 170 TUSCULANARUM
1434 113 2037 169 DISPUTATIONUM

542 276 626 341 A.
679 276 784 341 Ita
825 297 1093 361 prorsus
1141 276 1460 342 existimo.

541 365 639 429 M.
683 364 835 449 Dic,
882 385 1145 449 quaeso:
1192 385 1350 429 num
1394 369 1461 429 te
1496 364 1613 429 illa
1656 367 1932 448 terrent,
1976 364 2225 447 triceps
2272 364 2457 447 apud

411 452 654 518 inferos
685 451 1020 537 Cerberus,
1057 449 1289 537 Cocyti
1325 452 1646 537 fremitus,
1679 453 1993 517 travectio
2020 453 2458 535 Acherontis,

409 575 668 641 Mento
717 597 1080 642 summam
1126 597 1420 641 amnem
1467 572 1865 662 attingens
1921 578 2243 642 enectus
2306 575 2458 641 siti

410 716 766 782 Tantalus?
810 720 952 784 tum
995 700 1156 783 illud
1166 768 1184 801 ,
1231 716 1403 801 quod
2480 740 2502 780 ε

1605 838 1989 925 Sisyphus
2034 844 2311 905 versat

413 926 688 993 Saxum
747 929 1028 993 sudans
1087 927 1407 994 nitendo
1465 949 1708 1013 neque
1767 928 2090 1012 proficit
2142 928 2453 994 hilum?

412 1069 693 1135 fortasse
741 1069 939 1134 etiam
983 1069 1418 1135 inexorabiles
1472 1068 1714 1133 iudices
1725 1118 1742 1152 ‚
1794 1068 2008 1133 Minos
2064 1071 2131 1132 et
2172 1066 2451 1133 Rhada-

411 1156 764 1221 manthus?
819 1156 991 1241 apud
1046 1178 1206 1242 quos
1251 1178 1370 1222 nec
1424 1160 1489 1221 te
1532 1156 1604 1222 L.
1653 1154 1924 1221 Crassus
1972 1156 2272 1221 defendet
2321 1179 2451 1221 nec

411 1243 498 1309 M.
543 1243 866 1309 Antonius
919 1266 1068 1329 nec,
1123 1245 1431 1329 quoniam
1486 1244 1656 1329 apud
1703 1243 1986 1311 Graecos
2030 1244 2278 1310 iudices
2332 1268 2444 1309 res
2476 1270 2517 1308 ιο

415 1336 670 1418 agetur,
704 1333 951 1416 poteris
989 1332 1294 1398 adhibere
1331 1332 1837 1418 Demosthenem
1888 1332 2011 1397 tibi
2045 1332 2173 1416 ipsi
2209 1354 2335 1417 pro
2376 1338 2447 1398 te

413 1422 538 1485 erit
564 1422 844 1486 maxima
871 1442 1108 1487 corona
1131 1443 1325 1486 causa
1351 1421 1637 1487 dicenda.
1680 1420 1861 1486 Haec
1884 1420 2163 1485 fortasse
2192 1422 2445 1485 metuis

413 1513 479 1572 et
531 1508 774 1574 idcirco
827 1513 1103 1575 mortem
1159 1530 1381 1575 censes
1436 1530 1577 1574 esse
1641 1510 2103 1593 sempiternum
2166 1510 2445 1573 malum.

543 1598 626 1662 A.
680 1596 946 1663 Adeone
974 1619 1078 1662 me
1106 1597 1381 1663 delirare
1409 1618 1651 1677 censes,
1686 1601 1763 1663 ut
1802 1597 1932 1662 ista
1960 1617 2099 1661 esse
2129 1597 2442 1661 credam?

543 1691 635 1750 M.
679 1685 788 1750 An
832 1690 906 1750 tu
951 1686 1110 1751 haec
1153 1707 1289 1750 non
1334 1685 1584 1751 credis?
2468 1708 2512 1747 ιε

542 1773 627 1839 A.
681 1772 948 1838 Minime
996 1795 1168 1839 vero.

543 1867 636 1927 M.
680 1860 852 1925 Male
897 1862 1156 1927 hercule
1200 1884 1448 1927 narras.

543 1949 627 2014 A.
683 1948 861 2015 Cur?
907 1971 1164 2034 quaeso.

542 2043 634 2101 Μ.
681 2037 849 2113 Quia
902 2038 1180 2103 disertus
1237 2059 1379 2103 esse
1433 2060 1719 2122 possem,
1777 2041 1836 2103 si
1882 2040 2108 2103 contra
2160 2038 2295 2103 ista
2346 2039 2443 2103 di·
2563 2050 2565 2065 ²

413 2144 639 2188 cerem.
2466 2150 2507 2187 ευ

453 2212 626 2287 ...Α
691 2212 849 2288 Quis
908 2213 1080 2277 enim
1124 2235 1258 2278 non
1310 2214 1381 2278 in
1427 2215 1563 2280 eius
1610 2214 1786 2279 modi
1832 2212 2066 2279 causa?
2118 2216 2231 2278 aut
2280 2216 2445 2299 quid

411 2299 660 2400 negotii
675 2303 808 2452 ?est
852 2299 1013 2365 haec
1054 2305 1394 2385 poetarum
1440 2306 1506 2367 et
1556 2303 1876 2387 pictorum
1930 2306 2237 2387 portenta
2285 2324 2446 2368 con-

412 2408 665 2452 vlncere

540 2476 638 2541 M.
683 2474 891 2561 Atqui
953 2476 1130 2561 pleni
1194 2477 1350 2542 libri
1413 2481 1564 2543 sunt
1626 2481 1854 2543 contra
1906 2478 2035 2543 ista
2090 2478 2238 2561 ipsa
2303 2479 2446 2544 dis-

413 2565 764 2629 serentium
807 2564 1364 2649 philosophorum.
2471 2588 2515 2628 25

540 2653 624 2718 A.
677 2652 907 2737 Inepte
954 2674 1124 2719 sane.
1199 2653 1359 2729 Quis
1405 2653 1578 2719 enim
1624 2656 1723 2718 est
1767 2655 1903 2718 tam
1950 2674 2191 2731 excom,
2237 2675 2447 2739 quem

411 2740 542 2804 ista
584 2740 929 2805 moveant?

542 2834 635 2892 M.
681 2826 750 2893 Si
796 2849 950 2914 ergo
998 2829 1166 2913 apud
1213 2828 1455 2895 inferos
1493 2830 1712 2895 miseri
1747 2851 1881 2895 non
1926 2832 2104 2914 sunt,
2147 2851 2231 2895 ne
2280 2837 2449 2897 sunt

411 2915 667 2999 quidem
713 2918 884 3000 apud
928 2918 1173 2983 inferos
1223 2919 1362 2983 ulli.

542 3005 625 3069 A.
677 3003 783 3068 Ita
806 3026 1091 3088 -prorsus
1137 3006 1457 3071 existimo.
2475 3028 2518 3068 ιο

542 3098 634 3157 Μ.
679 3090 812 3157 Ubi
851 3095 1002 3157 sunt
1037 3114 1192 3177 ergo
1228 3094 1304 3178 ii,
1352 3116 1511 3178 quos
1547 3093 1823 3160 miseros
1860 3094 2047 3179 dicis,
2085 3098 2201 3159 aut
2236 3090 2443 3179 quem

410 3178 626 3244 locum
689 3180 1022 3245 incolunt?
1129 3178 1199 3247 Si
1254 3182 1423 3246 enim
1480 3185 1657 3266 sunt,
1711 3203 2030 3266 nusquam
2096 3204 2241 3247 esse
2301 3207 2447 3252 non

409 3271 701 3351 possunt.

541 3356 624 3419 A.
675 3355 821 3441 Ego
867 3378 1019 3421 vero
1064 3379 1383 3441 nusquam
1431 3379 1571 3422 esse
1616 3358 1767 3423 illos
1818 3361 1993 3442 put0.

544 3449 634 3519 Μ.
677 3442 890 3527 Igitur
933 3466 1016 3508 ne
1063 3465 1202 3509 esse
1249 3444 1554 3529 quidem?
2474 3468 2523 3507 ει,
