2609 3884
295 1809 331 1935 l

371 167 502 233 278
764 165 1361 224 TUSCULANARUM
1394 136 2000 224 msPUTATmNUn

373 345 544 396 quam
579 343 748 396 supra
784 343 907 396 cap.
940 331 1003 381 11
1043 326 1328 395 attulerit,
1362 328 1487 381 tum
1511 327 1745 396 propter
1770 325 1977 380 multas
2006 324 2146 381 alias
2175 342 2391 381 causas.

371 400 492 454 Nec
543 397 694 453 enim
746 399 979 468 propter
1028 413 1088 452 se
1141 397 1332 452 timeri
1384 399 1649 465 mortem,
1743 412 1851 452 uae
1893 397 2223 465 plerumque
2271 396 2393 452 sine

373 486 538 525 sensu
579 469 706 537 fiat,
753 483 870 522 non
913 485 1218 536 numquam
1264 466 1437 523 etiam
1482 484 1609 522 cum
1653 483 1728 522 vo
1752 469 1975 536 uptate,
2026 468 2127 522 sed
2161 469 2395 536 propter

373 540 680 596 discessum
725 537 798 593 ab
847 537 1102 594 omnibus
1145 538 1299 594 vitae
1345 537 1535 603 bonis3
1581 553 1649 592 ea
1684 553 1819 592 vero
1865 553 1986 593 esse
2002 591 2007 596 ,
2024 540 2124 592 aut
2161 537 2394 607 opinata

370 613 592 666 tantum
630 610 730 664 aut
763 610 884 663 tam
918 625 1102 678 pauca
1137 610 1196 664 et
1230 625 1435 678 parva,
1478 610 1545 662 ut
1591 606 1871 663 maiorum
1907 608 1967 663 et
1999 607 2395 679 magnitudine

372 683 431 736 et
465 679 824 736 multitudine
863 679 1194 748 obruantur,
1232 681 1402 747 atque
1431 679 1611 734 morte
1641 679 1831 733 omnia
1861 679 2013 733 mala
2050 681 2107 733 et
2138 679 2397 749 pericula

373 751 547 822 effugi
583 753 726 821 (cap.
758 753 1024 832 34—36).
1079 749 1264 805 Nullis
1299 749 1465 805 bonis
1500 749 1667 808 rebus
1705 765 1895 806 carere
1931 752 2203 820 mortuos,
2240 751 2397 819 quod

372 839 562 878 carere
597 823 646 877 i·
682 821 908 876 demum
945 821 1190 887 dicatur,
1238 819 1332 875 cui
1368 818 1539 889 desit,
1588 820 1739 888 quod
1776 819 2061 875 desideret
2095 822 2239 890 (cap.
2280 824 2396 890 36),

371 894 490 948 sine
527 909 692 948 sensu
728 893 916 945 autem
953 907 1074 946 esse
1109 890 1254 945 nihil
1287 891 1499 945 habere
1538 889 1657 946 odii
1688 892 1836 960 tum,
1884 909 2011 946 cum
2060 907 2255 946 sensus
2292 891 2397 946 ab·

369 965 520 1019 latus
557 963 633 1018 sit
667 971 810 1032 (cap.
839 963 944 1030 37).
999 962 1082 1016 Ac
1108 962 1410 1030 propterea
1448 978 1668 1016 omnem
1703 963 1917 1017 metum
1943 961 2141 1017 mortis
2175 961 2395 1031 pellen-

372 1035 507 1089 dum
543 1049 694 1102 esse,
729 1047 911 1100 neque
947 1031 1212 1086 miserum
1237 1032 1550 1102 putandum
1576 1035 1797 1087 mature
1824 1032 1971 1086 mori
1997 1035 2080 1102 et,
2116 1034 2200 1086 ut·
2213 1032 2395 1103 aiunt,

372 1107 502 1159 ante
555 1106 805 1172 tempus,
861 1103 1014 1170 quod
1065 1103 1284 1157 nullum
1339 1105 1555 1157 certum
1606 1101 1838 1158 vivendi
1889 1103 2134 1172 spatium
2187 1107 2398 1162 natura

372 1174 617 1242 dederit,
654 1173 755 1228 sed
787 1173 1064 1227 incertam
1097 1173 1252 1228 vitae
1288 1189 1513 1228 usuram
1550 1175 1690 1243 (cap.
1730 1175 1999 1244 39-41).
2072 1174 2156 1230 De
2192 1175 2396 1230 huma·

370 1246 522 1301 tione
559 1245 750 1300 autem
789 1245 848 1297 et
883 1245 1170 1313 sepultura
1205 1260 1320 1298 non
1355 1260 1476 1299 esse
1510 1244 1908 1313 laborandum,
1952 1244 2103 1312 quod
2137 1244 2283 1298 nihil
2320 1246 2399 1300 ad

369 1317 654 1371 mortuum
689 1314 974 1382 pertineat
1010 1316 1155 1385 (cap.
1183 1316 1462 1384 42—45)‚
1501 1331 1730 1385 operam
1756 1314 1946 1384 potius
1976 1315 2222 1371 dandam
2250 1333 2396 1386 esse,

369 1389 434 1442 ut
468 1385 812 1442 laudabilem
847 1384 1025 1440 vitam
1060 1384 1311 1455 gloriosa
1346 1386 1565 1440 ratione
1600 1385 1882 1454 finiamus3
1921 1402 2047 1440 eam
2085 1401 2206 1441 esse
2244 1387 2397 1456 opti-

369 1473 520 1512 mam
558 1472 738 1525 aequo
785 1455 973 1511 animo
1020 1457 1371 1526 oppetendae
1407 1456 1606 1511 mortis
1650 1456 1927 1512 rationem
1964 1457 2108 1526 (cap.
2146 1463 2241 1525 46,
2281 1461 2394 1525 47).

369 1528 597 1598 Epilogi
632 1528 759 1586 loeo
797 1526 1126 1581 adferuntur
1169 1527 1419 1596 ipsorum
1464 1527 1697 1582 deorum
1743 1527 1811 1582 de
1847 1529 2028 1582 morte
2063 1527 2397 1582 testimonia

371 1600 430 1654 et
447 1599 738 1654 hominum
757 1597 827 1652 de
846 1599 1026 1653 morte
1046 1601 1146 1668 pro
1165 1597 1354 1667 patria
1374 1596 1631 1668 oppetita
1644 1597 1955 1652 sententiae
1976 1599 2121 1667 (cap.
2136 1602 2393 1668 47—49).

505 1829 668 1896 Cum
713 1829 1157 1896 defensionum
1208 1829 1543 1894 laboribus
1602 1829 2068 1915 senatoriisque
2114 1833 2394 1896 muneri-

370 1921 494 1985 bus
544 1921 658 1983 aut
704 1918 966 1984 omnino
1015 1921 1128 1983 aut
1163 1937 1407 2002 magna
1452 1938 1530 1981 ex
1572 1921 1759 2001 parte
1798 1939 2006 1982 essem
2044 1919 2393 2003 aliquando

368 2008 685 2073 liberatus
694 2055 713 2090 ,
765 2006 986 2071 rettuli
1048 2027 1180 2089 me,
1234 2003 1463 2089 Brute,
1518 2008 1581 2070 te
1628 2005 1934 2071 hortante
1980 2006 2261 2072 maxime
2308 2009 2394 2074 ad

371 2117 447 2159 ea
502 2093 740 2176 studia,
795 2115 958 2178 quae
1013 2096 1268 2158 retenta
1320 2093 1567 2176 animo,
1628 2095 1901 2159 remissa
1964 2095 2395 2180 temporibus,

369 2183 566 2267 longo
613 2181 954 2246 intervallo
999 2181 1370 2245 intermissa
1413 2182 1738 2266 revocavi,
1798 2186 1863 2246 et
1908 2203 2054 2247 cum
2101 2183 2393 2248 omnium
2420 2213 2446 2254 5

372 2270 634 2354 artium,
707 2290 870 2353 quae
945 2268 1025 2332 ad
1101 2273 1346 2334 rectam
1408 2269 1669 2335 vivendi
1728 2271 1903 2335 viam
1972 2270 2396 2355 pertinerent,

368 2359 540 2424 ratio
585 2360 654 2422 et
699 2356 1042 2441 disciplina
1079 2357 1292 2422 studio
1335 2358 1719 2440 sapientiae,
1765 2379 1928 2442 quae
1972 2356 2394 2443 philosophia

371 2447 631 2531 dicitur,
693 2445 1159 2530 contineretur,
1219 2444 1343 2511 hoc
1400 2445 1563 2510 mihi
1624 2445 1876 2510 Latinis
1930 2447 2167 2510 litteris
2226 2447 2394 2511 inlu-

371 2535 709 2600 strandum
772 2533 1028 2617 putavi,
1090 2555 1221 2600 non
1284 2534 1436 2618 quia
1505 2534 1923 2618 philosophia
1986 2532 2250 2599 Graecis
2326 2539 2395 2599 et

368 2624 606 2688 litteris
664 2625 730 2687 et
785 2622 1150 2687 doctoribus
1205 2622 1451 2706 percipi
1502 2644 1632 2688 non
1686 2624 1939 2706 posset,
2004 2622 2116 2687 sed
2172 2644 2392 2688 meum
2422 2653 2499 2693 10-

371 2733 623 2795 semper
666 2710 973 2776 iudicium
1016 2710 1144 2775 fuit
1179 2711 1398 2775 omnia
1443 2713 1701 2775 nostros
1748 2713 1861 2774 aut
1902 2709 2229 2776 invenisse
2274 2733 2395 2794 per

371 2820 438 2864 se
479 2799 834 2882 sapientius
872 2820 1067 2882 quam
1103 2797 1381 2864 Graecos
1413 2802 1526 2863 aut
1563 2801 1831 2881 accepta
1868 2798 1949 2862 ab
1987 2798 2117 2862 illis
2156 2798 2392 2864 fecisse

369 2887 662 2970 meliora,
727 2907 888 2970 quae
953 2887 1210 2971 quidem
1275 2886 1469 2972 digna
1533 2887 1948 2970 statuissent,
2019 2887 2090 2951 in
2152 2887 2391 2972 quibus

371 2975 798 3038 elaborarent.
903 2973 1075 3038 Nam
1139 2996 1353 3039 mores
1418 2978 1484 3039 et
1553 2974 1855 3039 instituta
1919 2973 2095 3039 vitae
2156 2991 2391 3060 resque

369 3061 758 3127 domesticas
797 3081 873 3126 ac
909 3061 1246 3126 familiaris
1275 3084 1395 3127 nos
1432 3061 1725 3146 profecto
1764 3065 1831 3126 et
1865 3062 2096 3127 melius
2133 3066 2394 3129 tuemur
2421 3091 2473 3132 15

369 3153 435 3214 et
488 3149 756 3232 lautius,
811 3170 949 3213 rem
1006 3170 1160 3215 vero
1213 3150 1542 3232 publicam
1604 3151 1815 3215 nostri
1878 3151 2155 3216 maiores
2218 3155 2393 3218 certe

367 3237 742 3302 melioribus
779 3238 1308 3320 temperaverunt
1336 3241 1401 3302 et
1435 3237 1753 3303 institutis
1782 3241 1849 3303 et
1875 3238 2147 3323 legibus.
2220 3238 2395 3315 Quid

368 3325 601 3410 loquar
645 3324 722 3388 de
767 3345 838 3388 re
885 3325 1198 3390 militari?
1244 3326 1312 3391 in
1353 3348 1480 3410 qua
1524 3348 1667 3391 cum
1702 3326 1941 3392 virtute
1978 3327 2189 3394 nostri
2226 3328 2394 3392 mul-

365 3417 508 3478 tum
552 3412 918 3496 valuerunt,
972 3416 1112 3477 tum
1166 3413 1315 3496 plus
1371 3413 1571 3478 etiam
1626 3414 1983 3497 disciplina.
2072 3413 2213 3480 Iam
2258 3415 2393 3500 illa,
2466 3479 2472 3485 .

369 3523 532 3585 quae
591 3504 850 3583 natura,
915 3522 1046 3566 non
1109 3501 1345 3566 litteris
1402 3502 1692 3567 adsecuti
1746 3506 1925 3587 sunt,
1978 3525 2186 3590 neque
2244 3525 2392 3568 cum
2421 3532 2475 3571 20
