2609 3884
325 196 460 251 Lm.
498 196 542 252 1.
598 162 762 251 οΑΡζ
793 203 888 267 20,
927 202 1014 254 21.
1068 202 1100 264 ς
1137 202 1382 254 ‹ss-72.
1436 198 1572 253 Lm.
1609 199 1679 253 11.
1715 197 1994 255 ARGUM.
2072 197 2203 263 119

170 359 594 444 tranquillae,
631 360 906 445 quietae,
941 359 1173 425 beatae
1208 348 1381 425 vitae
1420 360 1801 427 deduceret?
1878 358 2005 437 Qui
2038 359 2209 444 quod

172 448 305 512 tibi
343 468 574 531 parum
610 448 864 515 videtur
900 448 1206 532 eruditus,
1251 470 1331 513 ea
1366 470 1561 514 causa
1602 453 1718 533 est,
1754 449 1925 533 quod
1958 449 2209 513 nullam

176 534 610 601 eruditionem
666 558 806 602 esse
859 536 1068 620 duxit,
1119 536 1251 602 nisi
1306 558 1470 622 quae
1523 537 1755 601 beatae
1799 537 1973 602 vitae
2019 536 2208 602 disci-

173 623 426 707 plinam
478 624 749 690 iuvaret.
847 625 955 690 An
1006 626 1122 690 ille
1173 629 1432 709 tempus
1492 629 1605 690 aut
1662 626 1733 691 in
1776 626 1986 709 po‘etis
2034 624 2208 690 evol·
2246 644 2313 694 '12

120 737 147 778 5
174 712 434 796 vendis,
476 715 555 777 ut
599 734 720 798 ego
767 716 835 779 et
877 714 1166 779 Triarius
1212 717 1279 779 te
1325 713 1659 780 hortatore
1706 714 2006 797 facimus,
2061 734 2207 778 con-

176 804 493 886 sumeret,
563 801 634 865 in
705 802 935 887 quibus
1005 802 1189 867 nulla
1261 801 1469 867 solida
1542 802 1797 867 utilitas
1872 802 2207 886 omnisque

174 888 452 972 puerilis
505 892 608 955 est
659 889 1002 956 delectatio
1012 940 1031 974 ,
1087 894 1203 955 aut
1255 911 1352 975 se,
1406 893 1483 956 ut
1532 890 1749 974 Plato,
1808 890 1880 956 in
1924 889 2207 969 musicis,

176 978 568 1062 geometria,
611 979 928 1062 numeris,
973 978 1169 1043 astris
1205 982 1596 1064 contereret,
1642 1000 1807 1064 quae
1844 981 1911 1043 et
1947 999 1988 1042 a
2021 977 2206 1043 falsis

174 1065 387 1130 initiis
441 1066 738 1150 profecta
789 1088 946 1133 vera
999 1088 1138 1132 esse
1190 1088 1324 1132 non
1375 1070 1651 1151 possunt
1713 1070 1805 1151 et,
1870 1067 1928 1132 si
1992 1068 2209 1131 essent

93 1180 148 1219 10
175 1174 363 1237 vera,
406 1154 573 1219 nihil
621 1154 948 1233 afferrent,
987 1176 1114 1239 quo
1157 1155 1521 1240 iucundius,
1566 1155 1634 1220 id
1671 1158 1772 1221 est
1807 1176 1935 1240 quo
1973 1154 2207 1219 melius

174 1241 562 1327 viveremus,
597 1264 707 1308 eas
746 1263 902 1327 ergo
939 1246 1111 1308 artes
1148 1247 1657 1328 persequeretur,
1702 1242 1961 1308 vivendi
1999 1246 2209 1308 artem

173 1333 436 1395 tantam
478 1334 741 1415 tamque
787 1352 1130 1416 operosam
1173 1335 1241 1397 et
1283 1332 1547 1415 perinde
1583 1331 1985 1397 fructuosam
2020 1330 2209 1395 relin-

176 1417 455 1503 queret?
525 1418 678 1486 Non
714 1440 869 1505 ergo
906 1419 1228 1505 Epicurus
1263 1420 1655 1504 ineruditus,
1702 1419 1813 1485 sed
1858 1420 1907 1485 ii
1941 1419 2209 1500 indocti,

176 1507 319 1591 qui,
375 1528 539 1591 quae
591 1529 826 1592 pueros
880 1529 1014 1573 non
1069 1508 1368 1573 didicisse
1420 1512 1609 1592 turpe
1665 1511 1790 1592 est,
1852 1530 1929 1573 ea
1972 1510 2210 1592 putant

89 1622 146 1663 ιε»
175 1615 384 1680 usque
423 1594 504 1660 ad
540 1600 939 1663 senectutem
985 1618 1126 1661 esse
1163 1595 1487 1662 discenda.
1541 1594 1718 1673 Quae
1746 1618 1894 1660 cum
1920 1595 2208 1674 dixisset,

173 1683 549 1767 Explicavi,
611 1685 850 1770 inquit,
915 1685 1302 1750 sententiam
1366 1706 1605 1768 meam,
1669 1688 1735 1749 et
1800 1705 1875 1749 eo
1949 1682 2208 1767 quidem

175 1772 484 1856 consili0,
543 1776 729 1838 tuum
789 1773 1101 1838 iudicium
1164 1778 1239 1837 ut
1293 1793 1774 1859 cognoscerem,
1830 1793 1993 1856 quae
2048 1771 2209 1835 mihi

172 1860 481 1945 facultas,
514 1863 591 1926 ut
624 1860 694 1925 id
727 1882 871 1927 meo
910 1861 1230 1926 arbitratu
1265 1860 1564 1940 facerem,
1602 1864 1755 1926 ante
1789 1858 1917 1925 hoc
1950 1862 2207 1943 tempus

171 1970 537 2034 numquam
584 1953 685 2014 est
727 1949 900 2016 data.

681 2314 778 2387 M.
837 2312 1159 2387 TULLII
1215 2244 1733 2388 CICERONIS·

170 2474 326 2557 DE
397 2468 825 2597 suasus
897 2470 1415 2556 BONORUM
1484 2469 1617 2551 ET
1687 2466 2211 2553 MALORUM

973 2618 1073 2673 AD
1108 2617 1422 2673 BRUTUM

823 2749 1067 2809 LIBER
1121 2747 1555 2809 SECUNDUS.
1611 2780 1617 2787 ·

865 3012 1538 3075 ARGUMENTUM.

327 3134 393 3187 In
433 3132 547 3187 hoc
591 3124 736 3187 libro
779 3130 1014 3201 Epicuri
1057 3129 1287 3185 decreta
1332 3146 1368 3183 a
1414 3127 1679 3185 Cicerone
1728 3128 2214 3200 reprehenduntur

173 3208 242 3260 et
295 3204 640 3271 refutantur,
694 3201 792 3271 qui
833 3200 1000 3256 initio
1041 3217 1159 3257 non
1205 3201 1480 3270 perpetua
1539 3199 1794 3255 oratione
1850 3200 2049 3268 utitur,
2114 3199 2216 3255 sed

176 3274 407 3331 mavult
447 3273 510 3329 in
553 3272 788 3343 singulis
831 3271 1096 3327 insistens
1141 3271 1489 3340 Torquatum
1534 3270 1882 3341 interrogare
1928 3272 1987 3325 et
2022 3286 2092 3325 ex
2125 3270 2213 3339 iis,

179 3362 334 3415 quae
377 3344 428 3400 is
477 3342 839 3411 concesserit,
884 3343 1216 3413 argumenta
1259 3340 1591 3397 concludere
1639 3343 1784 3411 (cap.
1826 3345 1893 3409 1).
1964 3340 2213 3395 Primum

175 3416 364 3487 igitur
396 3414 704 3485 Epicurum
736 3413 798 3469 in
822 3414 948 3484 ipsa
981 3412 1042 3468 vi
1076 3415 1136 3468 et
1167 3414 1372 3468 natura
1404 3412 1715 3483 voluptatis
1752 3412 2215 3467 constituendas

180 3503 247 3542 se
285 3484 562 3541 dissidere
598 3483 850 3540 ostendit
880 3483 1131 3540 breviter
1165 3483 1401 3539 subinde
1433 3484 1719 3552 Torquato
1755 3482 1830 3537 ad
1864 3482 2213 3550 interrogata

178 3556 584 3627 respondente3
621 3558 746 3612 tum
773 3554 923 3611 enim
951 3572 1078 3611 eam
1103 3555 1455 3625 voluptatem
1481 3554 1786 3623 Epicurum
1813 3551 1999 3606 dicere
2012 3593 2027 3620 ,
2068 3565 2212 3619 quae
