2609 3884
213 577 283 624 39

322 182 447 247 138
645 181 743 235 DE
779 178 1070 234 FINIBUS
1106 177 1469 234 BONORUM
1503 178 1599 234 ET
1637 178 2004 234 MALORUM

320 343 379 410 si
430 343 863 429 perspexerit,
915 364 1129 406 rerum
1182 339 1354 404 inter
1408 361 1514 404 eas
1567 340 1991 405 verborumne
2046 341 2134 406 sit
2191 363 2340 407 con·

319 433 651 498 troversia.

453 520 661 584 Huius
709 541 830 620 ego
865 539 1035 583 nunc
1070 517 1524 582 auctoritatem
1561 538 1835 601 sequens
1881 517 2050 582 idem
2085 517 2343 583 faciam.

324 609 647 686 Quantum
686 609 858 672 enim
892 610 1140 692 potero,
1176 605 1464 670 minuam
1501 606 1944 670 contentiones
1992 627 2340 691 omnesque

320 697 672 762 sententias
746 695 1071 778 simplices
1140 715 1390 778 eorum,
1469 693 1539 757 in
1612 693 1843 777 quibus
1914 694 2098 758 nulla
2169 695 2342 760 inest
2369 718 2405 760 5

318 786 575 850 virtutis
629 782 980 869 adiunctio,
1037 782 1301 847 omnino
1356 804 1396 846 a
1447 781 1863 865 philosophia
1917 783 2340 849 semovendas

318 874 593 957 putabo,
645 873 929 956 primum
960 835 1300 971 Aristippi
1356 868 1978 954 Cyrenaicorumque
2033 871 2343 971 omnium,

226 1020 229 1022 ,
320 983 479 1045 quos
532 982 666 1025 non
721 962 821 1024 est
875 959 1151 1023 veritum
1197 959 1267 1022 in
1313 980 1388 1022 ea
1431 959 1790 1042 voluptate,
1844 979 2008 1042 (11188
2061 959 2341 1024 maxime

212 1773 278 1821 41

214 3271 281 3319 42

320 1049 649 1114 dulcedine
714 1069 971 1112 sensum
1033 1049 1348 1128 moveret,
1414 1068 1733 1110 summum
1796 1047 2039 1111 bonum
2103 1069 2341 1131 ponere

322 1137 796 1202 contemnentis
849 1136 1045 1212 istam
1098 1135 1493 1199 vacuitatem
1548 1134 1808 1198 doloris·
1906 1134 1996 1198 Hi
2022 1169 2026 1172 »
2050 1156 2185 1200 11811
2242 1135 2342 1201 vi-
2371 1161 2432 1200 18

322 1225 581 1308 derunt,
625 1226 701 1288 ut
745 1224 825 1288 ad
872 1245 1128 1288 cursum
1174 1244 1433 1307 equum,
1480 1223 1561 1286 ad
1597 1222 1907 1287 arandum
1953 1222 2214 1306 bovem,
2259 1224 2344 1288 ad

318 1313 760 1397 indagandum
805 1334 1057 1394 canem,
1103 1311 1195 1375 sic
1240 1311 1569 1375 hominem
1616 1310 1699 1375 ad
1743 1312 1900 1375 duas
1945 1332 2076 1395 reS,
2129 1316 2205 1376 ut
2249 1313 2344 1376 ait

320 1401 737 1484 Aristoteles,
783 1400 865 1465 ad
899 1399 1406 1484 intellegendum
1445 1402 1511 1462 et
1548 1398 1892 1483 agendum,
1939 1420 2078 1464 esse
2113 1403 2342 1464 natum

319 1490 505 1573 quasi
557 1489 899 1554 mortalem
953 1488 1171 1570 deum,
1228 1490 1578 1571 contraque
1624 1489 1698 1551 ut
1751 1487 2005 1553 tardam
2057 1488 2342 1572 aliquam

322 1581 387 1642 et
439 1577 817 1662 languidam
868 1575 1177 1660 pecudem
1232 1575 1313 1639 ad
1370 1579 1629 1658 pastum
1693 1579 1759 1640 et
1822 1576 1905 1640 ad
1964 1577 2343 1660 procreandi
2373 1601 2428 1642 15

320 1666 722 1750 voluptatem
767 1665 893 1730 hoc
938 1664 1227 1729 divinum
1273 1664 1515 1727 animal
1553 1666 1766 1728 ortum
1809 1685 1949 1728 esse
1986 1664 2344 1749 voluerunt,

321 1776 446 1838 quo
491 1753 659 1818 nihil
705 1753 869 1817 mihi
912 1752 1166 1817 videtur
1210 1751 1571 1817 absurdius,
1650 1750 1866 1836 Atque
1911 1752 2070 1816 11888
2117 1756 2344 1816 contra

319 1843 757 1926 Aristippum,
803 1841 914 1925 qui
960 1862 1102 1904 eam
1145 1841 1545 1922 voluptatem
1587 1860 1722 1904 non
1765 1840 1958 1904 modo
2007 1862 2343 1926 summam,

320 1930 431 1994 sed
470 1932 678 1995 solam
715 1929 915 1993 etiam
960 1928 1163 2012 ducit,
1209 1950 1404 2012 quam
1441 1949 1663 1991 omnes
1701 1950 1896 1992 unam
1939 1928 2341 2011 appellamus

318 2019 737 2101 voluptatem.
836 2016 1050 2080 Aliter
1095 2019 1311 2080 autem
1355 2016 1540 2080 vobis
1584 2016 1817 2099 placet.
1908 2013 2032 2081 Sed
2075 2016 2211 2102 ille,
2267 2019 2344 2080 ut
2370 2043 2426 2083 20

320 2104 479 2188 dixi,
550 2106 799 2170 vitiose.
916 2103 1055 2170 Nec
1126 2104 1297 2167 enim
1369 2104 1577 2187 figura
1639 2104 1930 2188 corporis
1995 2125 2114 2168 1188
2172 2105 2342 2170 ratio

320 2194 639 2258 excellens
683 2192 927 2277 ingenii
970 2193 1239 2257 humani
1284 2191 1612 2276 significat
1648 2191 1730 2256 ad
1766 2214 1962 2258 unam
1997 2191 2166 2257 hanc
2203 2215 2342 2257 rem

318 2284 549 2346 natum
591 2281 947 2365 hominem,
992 2282 1068 2344 ut
1109 2280 1431 2344 frueretur
1473 2280 1934 2364 voluptatibus,
2003 2279 2070 2346 N
2071 2302 2141 2344 ec
2187 2302 2342 2346 vero

296 2369 670 2434 ‘audiendus
704 2368 1143 2452 Hieronymus
1152 2419 1171 2452 ,
1216 2369 1318 2432 cui
1357 2390 1679 2432 summum
1720 2369 1964 2433 bonum
2010 2372 2111 2433 est
2153 2369 2343 2454 idem,

320 2458 489 2542 quod
543 2479 659 2523 vos
713 2457 1037 2522 interdum
1090 2457 1193 2521 vel
1250 2457 1469 2539 potius
1522 2457 1798 2521 nimium
1854 2478 2045 2540 saepe
2112 2457 2343 2541 dicitiS,
2371 2483 2424 2524 2⁵

318 2546 484 2611 nihil
530 2546 762 2612 dolere.
850 2543 1004 2611 Non
1049 2545 1249 2626 enim,
1308 2545 1365 2608 si
1408 2545 1652 2608 malum
1707 2548 1808 2609 est
1860 2545 2071 2627 dolor,
2128 2566 2342 2609 carere

320 2657 395 2700 eo
460 2636 632 2699 malo
699 2635 859 2699 satis
916 2637 1017 2698 est
1069 2634 1150 2698 ad
1214 2633 1377 2697 bene
1434 2633 1796 2698 vivendum.
1903 2633 2048 2699 Hoc
2109 2633 2346 2698 dixerit

315 2725 533 2806 potius
579 2721 858 2790 Ennius:

450 2844 787 2910 Nimium
830 2844 1015 2911 boni
1062 2847 1206 2929 est,
1251 2845 1374 2910 cui
1417 2844 1620 2910 nihil
1667 2846 1785 2909 est
1813 2895 1829 2909 .
1858 2895 1873 2908 .
1901 2895 1916 2909 .
1947 2893 1962 2908 .
1989 2844 2191 2909 mali.

317 2984 455 3050 Nos
500 2984 762 3049 beatam
797 2985 1003 3050 vitam
1038 3007 1173 3050 non
1210 2985 1586 3068 depulsione
1623 2985 1804 3069 mali,
1851 2985 1965 3050 sed
2000 2985 2342 3069 adeptione
2370 3014 2424 3054 30

318 3073 475 3137 boni
530 3071 913 3156 iudicemus,
967 3094 1088 3138 nec
1143 3095 1285 3138 eam
1343 3074 1677 3157 cessando,
1741 3074 1875 3138 sive
1934 3073 2345 3159 gaudentem,

318 3163 394 3224 ut
437 3161 837 3243 AristippuS‚
887 3161 1022 3224 sive
1067 3182 1201 3226 non
1247 3161 1600 3246 dolentem,
1645 3164 1720 3226 ut
1763 3161 1897 3246 hic,
1943 3162 2056 3226 sed
2092 3162 2353 3247 agendo.

321 3248 564 3332 aliquid
644 3248 1182 3314 considerandove
1266 3271 1667 3332 quaeramus,
1803 3247 1979 3325 Quae
2067 3253 2347 3334 possunt

322 3336 545 3400 eadem
581 3338 809 3400 contra
851 3334 1289 3401 Carneadeum
1335 3336 1496 3401 illud
1541 3359 1864 3401 summum
1909 3337 2153 3402 bonum
2201 3338 2345 3418 dici,

322 3423 493 3508 quod
554 3424 612 3488 is
675 3445 808 3488 non
868 3428 1032 3508 tam,
1094 3428 1169 3488 ut
1229 3424 1565 3509 probaret,
1635 3425 1937 3510 protulit,
2008 3447 2205 3510 quam
2269 3430 2345 3490 ut
2371 3455 2424 3495 35

322 3511 581 3596 Stoicis,
654 3512 1034 3595 quibuscum
1106 3512 1351 3576 bellum
1423 3512 1715 3598 gerebat,
1787 3517 2160 3596 opponeret.
2268 3512 2347 3577 Id
