2609 3884
398 119 527 184 144
719 121 817 175 DE
853 120 1143 175 FINIBUS
1179 118 1539 188 BONORUM
1572 119 1669 174 ΕΤ
1704 117 2071 174 MALORUM

392 281 693 347 Addebat
736 282 933 346 etiam
980 303 1047 346 se
1092 281 1160 346 in
1203 283 1416 367 legem
1451 279 1813 346 Voconiam
1852 280 2137 345 iuratum
2183 284 2410 366 contra

392 392 536 435 eam
588 370 801 434 facere
857 392 989 435 non
1044 369 1304 454 audere,
1360 370 1489 434 nisi
1543 369 1732 434 aliter
1790 369 2013 433 amicis
2072 368 2410 434 videretur.

390 459 753 522 Aderamus
813 479 934 524 nos
998 459 1255 542 quidem
1319 457 1759 522 adulescentes
1768 506 1786 540 ,
1851 458 1963 522 sed
2025 457 2212 521 multi
2277 480 2409 521 am-

390 546 673 630 plissimi
726 546 877 630 viri,
932 568 1203 630 quorum
1248 568 1438 610 nemo
1485 545 1734 611 censuit
1781 545 1928 629 plus
1973 543 2210 609 Fadiae
2256 545 2405 611 dan-

392 635 571 718 dum,
625 657 819 719 quam
871 638 1096 718 posset
1148 633 1229 699 ad
1297 634 1441 698 eam
1502 634 1646 718 lege
1705 632 1996 698 Voconia
2057 635 2409 717 pervenire.
2437 657 2465 697 5

392 721 631 787 Tenuit
690 742 1113 806 permagnam
1187 720 1494 786 Sextilius
1563 721 2012 804 hereditatem,
2083 721 2280 806 unde,
2353 723 2411 787 si

394 814 649 876 secutus
696 814 867 874 esset
910 832 1132 875 eorum
1178 810 1592 893 sententiam,
1646 809 1759 894 qui
1801 809 2076 874 honesta
2122 813 2188 874 et
2230 814 2411 875 recta

394 899 841 964 emolumentis
880 898 1177 963 omnibus
1216 901 1283 962 et
1319 898 1672 964 commodis
1715 900 2194 983 anteponerent,
2227 920 2409 963 num-

392 1010 572 1052 mum
607 988 856 1050 nullum
892 986 1238 1070 attigisset.
1299 985 1476 1052 Num
1511 987 1715 1070 igitur
1741 1008 1887 1051 eum
1922 989 2151 1069 postea
2187 1007 2410 1052 censes

394 1075 585 1139 anxio
640 1075 855 1139 animo
910 1078 1023 1138 aut
1079 1074 1358 1139 sollicito
1412 1074 1660 1139 fuisse?
1748 1073 1932 1138 Nihil
1975 1075 2188 1138 minus
2198 1125 2216 1158 ,
2260 1097 2406 1140 con·
2438 1100 2492 1138 ιο

389 1167 620 1247 traque
682 1162 801 1227 illa
859 1161 1214 1226 hereditate
1268 1162 1444 1226 dives
1501 1164 1583 1227 ob
1649 1183 1918 1246 eamque
1979 1184 2116 1226 rem
2180 1162 2409 1230 1861118.

390 1250 614 1335 Magni
692 1251 863 1314 enim
937 1250 1325 1315 aestimabat
1393 1250 1736 1334 pecuniam
1805 1272 1938 1315 non
2012 1251 2204 1316 modo
2276 1273 2410 1316 non

391 1343 617 1403 contra
659 1338 864 1422 legeS,
911 1339 1021 1403 sed
1068 1339 1265 1403 etiam
1311 1338 1564 1423 legibus
1610 1341 1893 1422 partam3
1940 1359 2104 1422 quae
2150 1339 2410 1423 quidem

389 1427 493 1493 vel
556 1449 701 1492 cum
763 1427 1050 1510 periculo
1116 1430 1216 1490 est
1288 1426 1649 1511 quaerenda
1721 1427 1926 1491 vobis,
2040 1425 2166 1490 Est
2237 1428 2410 1491 6111111

287 1526 354 1575 56
393 1516 677 1580 effectrix
721 1517 1069 1580 multarum
1115 1518 1179 1579 et
1220 1535 1606 1599 magnarum
1650 1516 2075 1598 voluptatum.
2149 1513 2242 1579 Ut
2284 1515 2408 1600 igi-
2437 1537 2492 1577 15

311 2411 317 2420 ·
387 2394 781 2462 retraxisset.
869 2394 1098 2478 Itaque
1145 2395 1459 2479 quantum
1507 2395 1668 2459 adiit
1710 2395 2091 2479 periculum!
2156 2395 2238 2459 ad
2289 2397 2406 2461 ho·
2435 2420 2489 2461 25
2602 2395 2603 2398 ’

284 2751 347 2800 57

237 3288 367 3350 ,18

388 1608 497 1668 tur
540 1603 700 1688 illis,
748 1605 885 1688 qui,
930 1607 1110 1667 recta
1155 1606 1221 1667 61
1261 1603 1539 1668 honesta
1575 1625 1739 1688 quae
1776 1606 1952 1687 sunt,
1997 1624 2074 1666 ea
2111 1605 2411 1667 statuunt

389 1714 506 1776 per
560 1714 628 1756 86
683 1692 1063 1776 expetenda,
1118 1690 1412 1755 adeunda
1467 1695 1619 1755 sunt
1662 1691 1923 1775 quaevis
1972 1690 2258 1774 pericula
2304 1692 2408 1756 de-

390 1780 559 1846 coris
630 1779 1117 1864 honestatisque
1190 1801 1412 1862 causa,
1499 1779 1589 1843 sic
1660 1779 1892 1843 vestris
1902 1829 1920 1863 ,
2000 1779 2110 1862 qui
2190 1780 2410 1844 omnia

389 1869 725 1951 voluptate
782 1868 1167 1950 metiuntur,
1218 1867 1509 1950 pericula
1565 1867 1856 1932 adeunda
1911 1871 2088 1951 sunt,
2142 1870 2216 1931 ut
2274 1867 2408 1931 adi-

322 1956 722 2040 ...piscantur
773 1976 1045 2040 magnas
1098 1954 1484 2038 voluptates,
1534 1935 1547 2028 1
1584 1952 1655 2020 81
1699 1975 1939 2040 magna
1983 1976 2111 2039 168,
2165 1975 2406 2038 magna
2434 1979 2490 2018 20
2601 1983 2604 2048 5

389 2043 712 2108 hereditas
778 2048 1033 2128 agetur,
1096 2063 1242 2107 cum
1305 2043 1580 2126 pecunia
1641 2043 2008 2126 voluptates
2071 2043 2408 2126 pariantur

388 2131 732 2215 plurimae,
804 2131 977 2195 idem
1046 2130 1173 2194 erit
1242 2129 1528 2214 Epicuro
1599 2133 1814 2196 vestro
1885 2130 2276 2214 faciendum,
2349 2132 2409 2197 si

388 2241 578 2284 suum
656 2218 851 2283 finem
928 2220 1249 2283 bonorum
1320 2219 1504 2303 sequi
1575 2219 1781 2304 volet,
1860 2218 2034 2304 quod
2116 2217 2404 2302 Scipioni

389 2328 629 2392 magna
681 2307 894 2391 gloria
947 2307 1311 2391 proposita,
1370 2309 1426 2371 si
1489 2305 1926 2372 Hannibalem
1987 2307 2057 2372 in
2113 2306 2408 2372 Africam

386 2486 708 2548 nestatem
744 2483 919 2547 enim
963 2484 1151 2548 illum
1188 2505 1446 2549 omnem
1481 2486 1785 2548 conatum
1832 2506 2019 2548 suum
2064 2484 2408 2569 referebat,

391 2594 520 2638 non
566 2572 648 2636 ad
691 2573 1109 2666 voluptatem.
1136 2559 1294 2648 1816
1338 2574 1553 2637 vester
1587 2572 1851 2655 *sapiens
1896 2592 2137 2656 magno
2185 2572 2406 2656 aliquo

390 2653 837 2725 Efnfflffffi‘eiifd‘
875 2651 1249 2726 'cbmmotus
1312 2662 1356 2741 †
1421 2681 1566 2724 cum
1629 2681 1855 2744 causa,
1919 2659 1978 2724 si
2040 2683 2202 2744 opus
2269 2661 2409 2745 erit,

390 2748 737 2813 dimicabit.
826 2747 1163 2813 Occultum
1216 2747 1466 2812 facinus
1522 2769 1662 2812 esse
1706 2748 2017 2832 potuerit,
2072 2748 2406 2832 gaudebit3

389 2836 822 2918 deprehensus
879 2857 1135 2900 omnem
1191 2858 1467 2920 poenam
1531 2838 1914 2901 contemnet.
2020 2835 2169 2900 Erit
2231 2837 2405 2900 enim
2434 2862 2488 2901 30

387 2923 741 2988 instructus
788 2923 871 2987 ad
905 2928 1180 2988 mortem
1228 2924 1785 3007 contemnendam,
1831 2923 1915 2988 ad
1959 2924 2276 3004 exsilium,
2324 2925 2406 2989 ad

386 3010 601 3092 ipsum
654 3012 854 3075 etiam
908 3011 1213 3077 dolorem.
1314 3010 1516 3087 Quem
1572 3011 1829 3096 quidem
1883 3034 1998 3078 vos
2008 3061 2026 3096 ,
2085 3033 2232 3077 cum
2285 3013 2406 3076 1111-

386 3098 608 3182 probis
671 3119 949 3182 poenam
1010 3099 1376 3183 proponitis
1383 3149 1402 3182 ,
1466 3099 1894 3183 impetibilem
1956 3098 2198 3184 facitis,
2258 3122 2406 3165 cum

388 3187 745 3270 sapientem
784 3208 1034 3270 semper
1068 3187 1225 3252 boni
1260 3188 1408 3271 plus
1444 3187 1680 3252 habere
1716 3188 1935 3272 vultis,
1972 3188 2404 3254 tolerabilem.

523 3271 649 3339 Sed
709 3274 881 3358 finge
943 3297 1077 3340 non
1130 3277 1342 3340 solum
1405 3275 1710 3340 callidum
1766 3297 1938 3359 eum,
1992 3276 2103 3360 qui
2162 3277 2407 3361 aliquid
2433 3301 2486 3343 ³⁵
2597 3337 2599 3378 ᾗ

386 3362 681 3446 improbe
742 3362 969 3446 faciat,
1042 3384 1263 3428 verum
1329 3363 1526 3428 etiam
1589 3367 2104 3448 praepotentem,
2174 3367 2250 3428 ut
2317 3363 2406 3430 M.

390 3447 659 3515 Crassus
721 3450 873 3536 fuit,
937 3451 1045 3535 qui
1106 3453 1327 3517 tamen
1403 3450 1659 3516 solebat
1716 3453 1816 3516 uti
1881 3473 1997 3517 suo
2060 3452 2262 3538 bon0,
2333 3457 2408 3518 ut
