<?xml version="1.0" encoding="UTF-8"?>
<!DOCTYPE html PUBLIC "-//W3C//DTD XHTML 1.0 Transitional//EN"
    "http://www.w3.org/TR/xhtml1/DTD/xhtml1-transitional.dtd">
<html xmlns="http://www.w3.org/1999/xhtml" xml:lang="en" lang="en">
 <head>
  <title>
</title>
<meta http-equiv="Content-Type" content="text/html;charset=utf-8" />
  <meta name='ocr-system' content='tesseract 3.04.00' />
  <meta name='ocr-capabilities' content='ocr_page ocr_carea ocr_par ocr_line ocrx_word'/>
</head>
<body>
  <div class='ocr_page' id='page_1' title='image "./scriptaquaemans01mlgoog_0406.png"; bbox 0 0 2609 3884; ppageno 0'>
   <div class='ocr_carea' id='block_1_1' title="bbox 259 1800 304 1927">
    <p class='ocr_par' dir='ltr' id='par_1_1' title="bbox 259 1800 304 1927">
     <span class='ocr_line' id='line_1_1' title="bbox 259 1800 304 1927; textangle 90"><span class='ocrx_word' id='word_1_1' title='bbox 259 1800 304 1927; x_wconf 65' lang='grc' dir='ltr'><strong>ωῑῸ</strong></span> 
     </span>
    </p>
   </div>
   <div class='ocr_carea' id='block_1_2' title="bbox 345 176 1965 243">
    <p class='ocr_par' dir='ltr' id='par_1_2' title="bbox 345 176 1965 243">
     <span class='ocr_line' id='line_1_2' title="bbox 345 176 1965 243; baseline -0.007 1"><span class='ocrx_word' id='word_1_2' title='bbox 345 178 476 243; x_wconf 82' lang='grc'><strong>356</strong></span> <span class='ocrx_word' id='word_1_3' title='bbox 731 176 1327 233; x_wconf 79' lang='lat' dir='ltr'><strong>TUSCULANARUM</strong></span> <span class='ocrx_word' id='word_1_4' title='bbox 1360 176 1965 234; x_wconf 85' lang='lat' dir='ltr'>DISPUTATIONUM</span> 
     </span>
    </p>
   </div>
   <div class='ocr_carea' id='block_1_3' title="bbox 337 338 2449 2880">
    <p class='ocr_par' dir='ltr' id='par_1_3' title="bbox 337 338 2449 2880">
     <span class='ocr_line' id='line_1_3' title="bbox 341 338 2367 425; baseline 0 -20"><span class='ocrx_word' id='word_1_5' title='bbox 341 338 582 405; x_wconf 79' lang='lat' dir='ltr'><strong>timus?</strong></span> <span class='ocrx_word' id='word_1_6' title='bbox 669 339 774 405; x_wconf 92' lang='lat' dir='ltr'><strong>Ita</strong></span> <span class='ocrx_word' id='word_1_7' title='bbox 833 342 933 425; x_wconf 88' lang='lat' dir='ltr'><strong>fit,</strong></span> <span class='ocrx_word' id='word_1_8' title='bbox 995 343 1070 405; x_wconf 90' lang='lat' dir='ltr'><strong>ut</strong></span> <span class='ocrx_word' id='word_1_9' title='bbox 1124 340 1379 405; x_wconf 88' lang='lat' dir='ltr'><strong>animus</strong></span> <span class='ocrx_word' id='word_1_10' title='bbox 1436 340 1512 405; x_wconf 91' lang='lat' dir='ltr'><strong>de</strong></span> <span class='ocrx_word' id='word_1_11' title='bbox 1568 362 1636 405; x_wconf 90' lang='lat' dir='ltr'><strong>se</strong></span> <span class='ocrx_word' id='word_1_12' title='bbox 1691 341 1830 425; x_wconf 91' lang='lat' dir='ltr'><strong>ipse</strong></span> <span class='ocrx_word' id='word_1_13' title='bbox 1892 344 2036 405; x_wconf 93' lang='lat' dir='ltr'><strong>tum</strong></span> <span class='ocrx_word' id='word_1_14' title='bbox 2098 340 2367 425; x_wconf 90' lang='lat' dir='ltr'><strong>iudicet,</strong></span> 
     </span>
     <span class='ocr_line' id='line_1_4' title="bbox 344 427 2363 513; baseline 0 -20"><span class='ocrx_word' id='word_1_15' title='bbox 344 450 488 493; x_wconf 93' lang='lat' dir='ltr'><strong>cum</strong></span> <span class='ocrx_word' id='word_1_16' title='bbox 531 427 599 493; x_wconf 96' lang='lat' dir='ltr'><strong>id</strong></span> <span class='ocrx_word' id='word_1_17' title='bbox 643 428 884 513; x_wconf 90' lang='lat' dir='ltr'><strong>ipsum,</strong></span> <span class='ocrx_word' id='word_1_18' title='bbox 931 451 1056 513; x_wconf 95' lang='lat' dir='ltr'><strong>quo</strong></span> <span class='ocrx_word' id='word_1_19' title='bbox 1101 429 1447 513; x_wconf 90' lang='lat' dir='ltr'><strong>iudicatur,</strong></span> <span class='ocrx_word' id='word_1_20' title='bbox 1494 432 1804 513; x_wconf 85' lang='lat' dir='ltr'><strong>aegrotet.</strong></span> <span class='ocrx_word' id='word_1_21' title='bbox 1912 428 2156 505; x_wconf 82' lang='lat' dir='ltr'><strong>Quodsi</strong></span> <span class='ocrx_word' id='word_1_22' title='bbox 2201 430 2363 494; x_wconf 90' lang='lat' dir='ltr'><strong>talis</strong></span> 
     </span>
     <span class='ocr_line' id='line_1_5' title="bbox 341 516 2365 601; baseline 0 -20"><span class='ocrx_word' id='word_1_23' title='bbox 341 538 462 581; x_wconf 92' lang='lat' dir='ltr'><strong>nos</strong></span> <span class='ocrx_word' id='word_1_24' title='bbox 515 520 750 581; x_wconf 89' lang='lat' dir='ltr'><strong>natura</strong></span> <span class='ocrx_word' id='word_1_25' title='bbox 803 516 1157 601; x_wconf 74' lang='lat' dir='ltr'>genuisset,</span> <span class='ocrx_word' id='word_1_26' title='bbox 1209 520 1284 581; x_wconf 93' lang='lat' dir='ltr'><strong>ut</strong></span> <span class='ocrx_word' id='word_1_27' title='bbox 1338 538 1481 581; x_wconf 88' lang='lat' dir='ltr'><strong>eam</strong></span> <span class='ocrx_word' id='word_1_28' title='bbox 1533 516 1746 600; x_wconf 82' lang='lat' dir='ltr'><strong>ipsam</strong></span> <span class='ocrx_word' id='word_1_29' title='bbox 1802 516 2041 582; x_wconf 91' lang='lat' dir='ltr'><strong>intueri</strong></span> <span class='ocrx_word' id='word_1_30' title='bbox 2096 520 2163 581; x_wconf 88' lang='lat' dir='ltr'><strong>et</strong></span> <span class='ocrx_word' id='word_1_31' title='bbox 2214 538 2365 600; x_wconf 89' lang='lat' dir='ltr'><strong>per·</strong></span> 
     </span>
     <span class='ocr_line' id='line_1_6' title="bbox 345 604 2361 688; baseline 0 -18"><span class='ocrx_word' id='word_1_32' title='bbox 345 604 589 688; x_wconf 81' lang='lat' dir='ltr'>spicere</span> <span class='ocrx_word' id='word_1_33' title='bbox 637 604 982 688; x_wconf 90' lang='lat' dir='ltr'><strong>eademque</strong></span> <span class='ocrx_word' id='word_1_34' title='bbox 1029 604 1276 688; x_wconf 90' lang='lat' dir='ltr'><strong>optima</strong></span> <span class='ocrx_word' id='word_1_35' title='bbox 1320 604 1492 681; x_wconf 49' lang='lat' dir='ltr'><strong>duce,</strong></span> <span class='ocrx_word' id='word_1_36' title='bbox 1522 626 1781 668; x_wconf 91' lang='lat' dir='ltr'><strong>cursum</strong></span> <span class='ocrx_word' id='word_1_37' title='bbox 1824 604 1997 669; x_wconf 88' lang='lat' dir='ltr'><strong>vitae</strong></span> <span class='ocrx_word' id='word_1_38' title='bbox 2043 604 2361 670; x_wconf 88' lang='lat' dir='ltr'><strong>conficere</strong></span> 
     </span>
     <span class='ocr_line' id='line_1_7' title="bbox 340 691 2423 777; baseline 0 -20"><span class='ocrx_word' id='word_1_39' title='bbox 340 713 704 777; x_wconf 88' lang='lat' dir='ltr'><strong>possemus,</strong></span> <span class='ocrx_word' id='word_1_40' title='bbox 757 691 933 756; x_wconf 92' lang='lat' dir='ltr'><strong>haud</strong></span> <span class='ocrx_word' id='word_1_41' title='bbox 988 695 1128 756; x_wconf 90' lang='lat' dir='ltr'><strong>erat</strong></span> <span class='ocrx_word' id='word_1_42' title='bbox 1181 714 1363 775; x_wconf 91' lang='lat' dir='ltr'><strong>sane,</strong></span> <span class='ocrx_word' id='word_1_43' title='bbox 1418 691 1587 775; x_wconf 90' lang='lat' dir='ltr'><strong>quod</strong></span> <span class='ocrx_word' id='word_1_44' title='bbox 1646 692 1983 776; x_wconf 88' lang='lat' dir='ltr'><strong>quisquam</strong></span> <span class='ocrx_word' id='word_1_45' title='bbox 2040 692 2363 757; x_wconf 89' lang='lat' dir='ltr'><strong>rationem</strong></span> <span class='ocrx_word' id='word_1_46' title='bbox 2394 716 2423 758; x_wconf 76' lang='lat'><strong>⁶</strong></span> 
     </span>
     <span class='ocr_line' id='line_1_8' title="bbox 343 778 2366 865; baseline -0.001 -20"><span class='ocrx_word' id='word_1_47' title='bbox 343 801 418 845; x_wconf 89' lang='lat' dir='ltr'><strong>ac</strong></span> <span class='ocrx_word' id='word_1_48' title='bbox 462 779 825 845; x_wconf 76' lang='lat' dir='ltr'>doctrinam</span> <span class='ocrx_word' id='word_1_49' title='bbox 869 781 1272 865; x_wconf 90' lang='lat' dir='ltr'><strong>requireret.·</strong></span> <span class='ocrx_word' id='word_1_50' title='bbox 1338 778 1404 845; x_wconf 92' lang='lat' dir='ltr'>N</span> <span class='ocrx_word' id='word_1_51' title='bbox 1405 800 1529 845; x_wconf 91' lang='lat' dir='ltr'><strong>unc</strong></span> <span class='ocrx_word' id='word_1_52' title='bbox 1582 780 1887 863; x_wconf 87' lang='lat' dir='ltr'><strong>parvulos</strong></span> <span class='ocrx_word' id='word_1_53' title='bbox 1940 780 2130 844; x_wconf 91' lang='lat' dir='ltr'><strong>nobis</strong></span> <span class='ocrx_word' id='word_1_54' title='bbox 2182 780 2366 844; x_wconf 92' lang='lat' dir='ltr'><strong>dedit</strong></span> 
     </span>
     <span class='ocr_line' id='line_1_9' title="bbox 340 867 2364 971; baseline 0.001 -40"><span class='ocrx_word' id='word_1_55' title='bbox 340 867 681 953; x_wconf 86' lang='lat' dir='ltr'><strong>igniculos,</strong></span> <span class='ocrx_word' id='word_1_56' title='bbox 727 889 886 971; x_wconf 91' lang='lat' dir='ltr'><strong>quos</strong></span> <span class='ocrx_word' id='word_1_57' title='bbox 925 868 1220 932; x_wconf 90' lang='lat' dir='ltr'><strong>celeriter</strong></span> <span class='ocrx_word' id='word_1_58' title='bbox 1255 868 1448 932; x_wconf 89' lang='lat' dir='ltr'><strong>malis</strong></span> <span class='ocrx_word' id='word_1_59' title='bbox 1482 867 1773 931; x_wconf 92' lang='lat' dir='ltr'><strong>moribus</strong></span> <span class='ocrx_word' id='word_1_60' title='bbox 1816 868 2364 951; x_wconf 82' lang='lat' dir='ltr'><strong>opinionibusque</strong></span> 
     </span>
     <span class='ocr_line' id='line_1_10' title="bbox 341 954 2365 1056; baseline 0.001 -38"><span class='ocrx_word' id='word_1_61' title='bbox 341 954 676 1039; x_wconf 88' lang='lat' dir='ltr'><strong>depravati</strong></span> <span class='ocrx_word' id='word_1_62' title='bbox 713 957 806 1020; x_wconf 91' lang='lat' dir='ltr'><strong>sic</strong></span> <span class='ocrx_word' id='word_1_63' title='bbox 841 954 1326 1056; x_wconf 76' lang='lat' dir='ltr'><strong>restinguimus,</strong></span> <span class='ocrx_word' id='word_1_64' title='bbox 1373 957 1449 1018; x_wconf 94' lang='lat' dir='ltr'><strong>ut</strong></span> <span class='ocrx_word' id='word_1_65' title='bbox 1480 976 1800 1039; x_wconf 83' lang='lat' dir='ltr'><strong>nusquam</strong></span> <span class='ocrx_word' id='word_1_66' title='bbox 1834 958 2105 1020; x_wconf 88' lang='lat' dir='ltr'><strong>naturae</strong></span> <span class='ocrx_word' id='word_1_67' title='bbox 2138 956 2365 1021; x_wconf 89' lang='lat' dir='ltr'><strong>lumen</strong></span> 
     </span>
     <span class='ocr_line' id='line_1_11' title="bbox 341 1041 2363 1127; baseline 0 -20"><span class='ocrx_word' id='word_1_68' title='bbox 341 1046 668 1127; x_wconf 87' lang='lat' dir='ltr'><strong>appareat.</strong></span> <span class='ocrx_word' id='word_1_69' title='bbox 759 1041 924 1107; x_wconf 86' lang='lat' dir='ltr'><strong>Sunt</strong></span> <span class='ocrx_word' id='word_1_70' title='bbox 979 1042 1149 1106; x_wconf 89' lang='lat' dir='ltr'><strong>enim</strong></span> <span class='ocrx_word' id='word_1_71' title='bbox 1202 1041 1485 1126; x_wconf 90' lang='lat' dir='ltr'><strong>ingeniis</strong></span> <span class='ocrx_word' id='word_1_72' title='bbox 1537 1042 1781 1108; x_wconf 89' lang='lat' dir='ltr'><strong>nostris</strong></span> <span class='ocrx_word' id='word_1_73' title='bbox 1836 1042 2083 1107; x_wconf 86' lang='lat' dir='ltr'><strong>semina</strong></span> <span class='ocrx_word' id='word_1_74' title='bbox 2131 1043 2363 1108; x_wconf 86' lang='lat' dir='ltr'><strong>innata</strong></span> 
     </span>
     <span class='ocr_line' id='line_1_12' title="bbox 339 1129 2449 1215; baseline 0 -20"><span class='ocrx_word' id='word_1_75' title='bbox 339 1132 678 1214; x_wconf 89' lang='lat' dir='ltr'><strong>virtutum,</strong></span> <span class='ocrx_word' id='word_1_76' title='bbox 724 1151 887 1214; x_wconf 89' lang='lat' dir='ltr'><strong>quae</strong></span> <span class='ocrx_word' id='word_1_77' title='bbox 931 1129 991 1194; x_wconf 92' lang='lat' dir='ltr'><strong>si</strong></span> <span class='ocrx_word' id='word_1_78' title='bbox 1035 1129 1399 1194; x_wconf 81' lang='lat' dir='ltr'><strong>adolescere</strong></span> <span class='ocrx_word' id='word_1_79' title='bbox 1443 1129 1690 1213; x_wconf 93' lang='lat' dir='ltr'><strong>liceret,</strong></span> <span class='ocrx_word' id='word_1_80' title='bbox 1734 1130 1881 1215; x_wconf 88' lang='lat' dir='ltr'><strong>ipsa</strong></span> <span class='ocrx_word' id='word_1_81' title='bbox 1914 1151 2036 1195; x_wconf 90' lang='lat' dir='ltr'><strong>nos</strong></span> <span class='ocrx_word' id='word_1_82' title='bbox 2077 1130 2159 1195; x_wconf 87' lang='lat' dir='ltr'><strong>ad</strong></span> <span class='ocrx_word' id='word_1_83' title='bbox 2204 1132 2361 1195; x_wconf 90' lang='lat' dir='ltr'><strong>bea-</strong></span> <span class='ocrx_word' id='word_1_84' title='bbox 2393 1159 2449 1197; x_wconf 83' lang='lat'><strong>10</strong></span> 
     </span>
     <span class='ocr_line' id='line_1_13' title="bbox 339 1216 2359 1301; baseline 0.001 -20"><span class='ocrx_word' id='word_1_85' title='bbox 339 1222 475 1282; x_wconf 89' lang='lat' dir='ltr'><strong>tam</strong></span> <span class='ocrx_word' id='word_1_86' title='bbox 539 1218 743 1282; x_wconf 85' lang='lat' dir='ltr'><strong>vitam</strong></span> <span class='ocrx_word' id='word_1_87' title='bbox 803 1220 1038 1282; x_wconf 89' lang='lat' dir='ltr'><strong>natura</strong></span> <span class='ocrx_word' id='word_1_88' title='bbox 1099 1216 1495 1301; x_wconf 90' lang='lat' dir='ltr'><strong>perduceret.</strong></span> <span class='ocrx_word' id='word_1_89' title='bbox 1598 1216 1791 1283; x_wconf 87' lang='lat' dir='ltr'><strong>Nunc</strong></span> <span class='ocrx_word' id='word_1_90' title='bbox 1856 1221 2098 1301; x_wconf 90' lang='lat' dir='ltr'><strong>autem,</strong></span> <span class='ocrx_word' id='word_1_91' title='bbox 2158 1219 2359 1283; x_wconf 85' lang='lat' dir='ltr'><strong>simul</strong></span> 
     </span>
     <span class='ocr_line' id='line_1_14' title="bbox 341 1304 2361 1389; baseline 0.001 -20"><span class='ocrx_word' id='word_1_92' title='bbox 341 1308 532 1389; x_wconf 91' lang='lat' dir='ltr'><strong>atque</strong></span> <span class='ocrx_word' id='word_1_93' title='bbox 579 1305 737 1371; x_wconf 89' lang='lat' dir='ltr'><strong>editi</strong></span> <span class='ocrx_word' id='word_1_94' title='bbox 779 1304 850 1369; x_wconf 92' lang='lat' dir='ltr'><strong>in</strong></span> <span class='ocrx_word' id='word_1_95' title='bbox 892 1305 1101 1369; x_wconf 86' lang='lat' dir='ltr'><strong>lucem</strong></span> <span class='ocrx_word' id='word_1_96' title='bbox 1147 1308 1212 1369; x_wconf 90' lang='lat' dir='ltr'><strong>et</strong></span> <span class='ocrx_word' id='word_1_97' title='bbox 1257 1304 1539 1388; x_wconf 88' lang='lat' dir='ltr'><strong>suscepti</strong></span> <span class='ocrx_word' id='word_1_98' title='bbox 1576 1326 1826 1389; x_wconf 89' lang='lat' dir='ltr'><strong>sumus,</strong></span> <span class='ocrx_word' id='word_1_99' title='bbox 1867 1306 1939 1371; x_wconf 93' lang='lat' dir='ltr'><strong>in</strong></span> <span class='ocrx_word' id='word_1_100' title='bbox 1984 1307 2164 1371; x_wconf 91' lang='lat' dir='ltr'><strong>omni</strong></span> <span class='ocrx_word' id='word_1_101' title='bbox 2208 1328 2361 1371; x_wconf 87' lang='lat' dir='ltr'><strong>con-</strong></span> 
     </span>
     <span class='ocr_line' id='line_1_15' title="bbox 337 1391 2358 1477; baseline 0.001 -20"><span class='ocrx_word' id='word_1_102' title='bbox 337 1392 520 1457; x_wconf 91' lang='lat' dir='ltr'><strong>tinuo</strong></span> <span class='ocrx_word' id='word_1_103' title='bbox 574 1393 899 1477; x_wconf 87' lang='lat' dir='ltr'><strong>pravitate</strong></span> <span class='ocrx_word' id='word_1_104' title='bbox 953 1396 1020 1457; x_wconf 88' lang='lat' dir='ltr'><strong>et</strong></span> <span class='ocrx_word' id='word_1_105' title='bbox 1070 1394 1141 1458; x_wconf 92' lang='lat' dir='ltr'><strong>in</strong></span> <span class='ocrx_word' id='word_1_106' title='bbox 1195 1414 1447 1457; x_wconf 88' lang='lat' dir='ltr'><strong>summa</strong></span> <span class='ocrx_word' id='word_1_107' title='bbox 1501 1391 1877 1475; x_wconf 90' lang='lat' dir='ltr'><strong>opinionum</strong></span> <span class='ocrx_word' id='word_1_108' title='bbox 1926 1395 2358 1477; x_wconf 87' lang='lat' dir='ltr'><strong>perversitate</strong></span> 
     </span>
     <span class='ocr_line' id='line_1_16' title="bbox 339 1480 2359 1565; baseline 0 -18"><span class='ocrx_word' id='word_1_109' title='bbox 339 1502 697 1565; x_wconf 79' lang='lat' dir='ltr'><strong>versamur,</strong></span> <span class='ocrx_word' id='word_1_110' title='bbox 739 1485 813 1546; x_wconf 92' lang='lat' dir='ltr'><strong>ut</strong></span> <span class='ocrx_word' id='word_1_111' title='bbox 847 1502 1050 1564; x_wconf 90' lang='lat' dir='ltr'><strong>paene</strong></span> <span class='ocrx_word' id='word_1_112' title='bbox 1087 1502 1232 1545; x_wconf 92' lang='lat' dir='ltr'><strong>cum</strong></span> <span class='ocrx_word' id='word_1_113' title='bbox 1267 1480 1437 1545; x_wconf 88' lang='lat' dir='ltr'><strong>lacte</strong></span> <span class='ocrx_word' id='word_1_114' title='bbox 1474 1480 1745 1549; x_wconf 89' lang='lat' dir='ltr'><strong>nutricis</strong></span> <span class='ocrx_word' id='word_1_115' title='bbox 1784 1486 2084 1547; x_wconf 86' lang='lat' dir='ltr'><strong>errorem&#39;</strong></span> <span class='ocrx_word' id='word_1_116' title='bbox 2105 1481 2359 1547; x_wconf 82' lang='lat' dir='ltr'><strong>suxisse</strong></span> 
     </span>
     <span class='ocr_line' id='line_1_17' title="bbox 337 1566 2440 1653; baseline 0.001 -20"><span class='ocrx_word' id='word_1_117' title='bbox 337 1568 687 1633; x_wconf 89' lang='lat' dir='ltr'><strong>videamur.</strong></span> <span class='ocrx_word' id='word_1_118' title='bbox 795 1566 958 1635; x_wconf 81' lang='lat' dir='ltr'><strong>Cum</strong></span> <span class='ocrx_word' id='word_1_119' title='bbox 1020 1590 1172 1634; x_wconf 88' lang='lat' dir='ltr'><strong>vero</strong></span> <span class='ocrx_word' id='word_1_120' title='bbox 1238 1568 1615 1651; x_wconf 90' lang='lat' dir='ltr'><strong>parentibus</strong></span> <span class='ocrx_word' id='word_1_121' title='bbox 1679 1567 1942 1653; x_wconf 89' lang='lat' dir='ltr'><strong>redditi,</strong></span> <span class='ocrx_word' id='word_1_122' title='bbox 2007 1568 2155 1634; x_wconf 88' lang='lat' dir='ltr'><strong>dein</strong></span> <span class='ocrx_word' id='word_1_123' title='bbox 2218 1592 2355 1635; x_wconf 88' lang='lat' dir='ltr'><strong>ma·</strong></span> <span class='ocrx_word' id='word_1_124' title='bbox 2386 1596 2440 1636; x_wconf 79' lang='lat'><strong>15</strong></span> 
     </span>
     <span class='ocr_line' id='line_1_18' title="bbox 339 1656 2357 1741; baseline 0 -21"><span class='ocrx_word' id='word_1_125' title='bbox 339 1657 561 1741; x_wconf 84' lang='lat' dir='ltr'><strong>gistris</strong></span> <span class='ocrx_word' id='word_1_126' title='bbox 605 1656 831 1722; x_wconf 90' lang='lat' dir='ltr'><strong>traditi</strong></span> <span class='ocrx_word' id='word_1_127' title='bbox 877 1677 1126 1739; x_wconf 91' lang='lat' dir='ltr'><strong>sumus,</strong></span> <span class='ocrx_word' id='word_1_128' title='bbox 1179 1659 1321 1720; x_wconf 91' lang='lat' dir='ltr'><strong>tum</strong></span> <span class='ocrx_word' id='word_1_129' title='bbox 1365 1657 1461 1719; x_wconf 89' lang='lat' dir='ltr'><strong>ita</strong></span> <span class='ocrx_word' id='word_1_130' title='bbox 1503 1656 1703 1720; x_wconf 88' lang='lat' dir='ltr'><strong>variis</strong></span> <span class='ocrx_word' id='word_1_131' title='bbox 1748 1656 2081 1721; x_wconf 90' lang='lat' dir='ltr'><strong>inbuimur</strong></span> <span class='ocrx_word' id='word_1_132' title='bbox 2126 1658 2357 1723; x_wconf 87' lang='lat' dir='ltr'><strong>errori-</strong></span> 
     </span>
     <span class='ocr_line' id='line_1_19' title="bbox 337 1742 2358 1829; baseline 0 -20"><span class='ocrx_word' id='word_1_133' title='bbox 337 1744 488 1829; x_wconf 90' lang='lat' dir='ltr'><strong>bus,</strong></span> <span class='ocrx_word' id='word_1_134' title='bbox 533 1747 606 1808; x_wconf 91' lang='lat' dir='ltr'><strong>ut</strong></span> <span class='ocrx_word' id='word_1_135' title='bbox 640 1744 919 1810; x_wconf 73' lang='lat' dir='ltr'><strong>vanitati</strong></span> <span class='ocrx_word' id='word_1_136' title='bbox 953 1744 1192 1810; x_wconf 90' lang='lat' dir='ltr'><strong>veritas</strong></span> <span class='ocrx_word' id='word_1_137' title='bbox 1231 1746 1296 1807; x_wconf 90' lang='lat' dir='ltr'><strong>et</strong></span> <span class='ocrx_word' id='word_1_138' title='bbox 1332 1742 1623 1826; x_wconf 87' lang='lat' dir='ltr'><strong>opinioni</strong></span> <span class='ocrx_word' id='word_1_139' title='bbox 1664 1744 2081 1809; x_wconf 89' lang='lat' dir='ltr'><strong>confirmatae</strong></span> <span class='ocrx_word' id='word_1_140' title='bbox 2116 1748 2358 1810; x_wconf 89' lang='lat' dir='ltr'><strong>natura</strong></span> 
     </span>
     <span class='ocr_line' id='line_1_20' title="bbox 339 1831 2355 1917; baseline 0 -21"><span class='ocrx_word' id='word_1_141' title='bbox 339 1833 485 1916; x_wconf 92' lang='lat' dir='ltr'><strong>ipsa</strong></span> <span class='ocrx_word' id='word_1_142' title='bbox 521 1833 721 1898; x_wconf 87' lang='lat' dir='ltr'><strong>cedat.</strong></span> <span class='ocrx_word' id='word_1_143' title='bbox 793 1831 1128 1896; x_wconf 90' lang='lat' dir='ltr'><strong>Accedunt</strong></span> <span class='ocrx_word' id='word_1_144' title='bbox 1173 1832 1369 1895; x_wconf 92' lang='lat' dir='ltr'><strong>etiam</strong></span> <span class='ocrx_word' id='word_1_145' title='bbox 1413 1833 1669 1915; x_wconf 68' lang='lat' dir='ltr'><strong>poetae,</strong></span> <span class='ocrx_word' id='word_1_146' title='bbox 1713 1832 1825 1915; x_wconf 88' lang='lat' dir='ltr'><strong>qui</strong></span> <span class='ocrx_word' id='word_1_147' title='bbox 1860 1853 2007 1897; x_wconf 90' lang='lat' dir='ltr'><strong>cum</strong></span> <span class='ocrx_word' id='word_1_148' title='bbox 2042 1853 2355 1917; x_wconf 84' lang='lat' dir='ltr'><strong>magnam</strong></span> 
     </span>
     <span class='ocr_line' id='line_1_21' title="bbox 341 1918 2436 2091; baseline 0 -19"><span class='ocrx_word' id='word_1_149' title='bbox 341 1920 688 2072; x_wconf 56' lang='lat' dir='ltr'><strong>Zssi‘fflm</strong></span> <span class='ocrx_word' id='word_1_150' title='bbox 701 1919 1069 2091; x_wconf 51' lang='lat' dir='ltr'><strong>dissgffir</strong></span> <span class='ocrx_word' id='word_1_151' title='bbox 1109 1918 1629 2071; x_wconf 49' lang='lat' dir='ltr'><strong>fflssssffiffluit</strong></span> <span class='ocrx_word' id='word_1_152' title='bbox 1669 1920 2359 2091; x_wconf 54' lang='lat' dir='ltr'><strong>{fflersssscffleffi&#39;</strong></span> <span class='ocrx_word' id='word_1_153' title='bbox 2382 2034 2436 2072; x_wconf 60' lang='grc' dir='ltr'><strong>,ο</strong></span> 
     </span>
     <span class='ocr_line' id='line_1_22' title="bbox 695 2056 1091 2091; baseline -0.005 0"><span class='ocrx_word' id='word_1_154' title='bbox 695 2058 713 2091; x_wconf 78' lang='lat'><em>5</em></span> <span class='ocrx_word' id='word_1_155' title='bbox 1073 2056 1091 2089; x_wconf 78' lang='lat'><em>5</em></span> 
     </span>
     <span class='ocr_line' id='line_1_23' title="bbox 338 2093 2355 2178; baseline 0 -18"><span class='ocrx_word' id='word_1_156' title='bbox 338 2099 444 2160; x_wconf 89' lang='lat' dir='ltr'><strong>tus</strong></span> <span class='ocrx_word' id='word_1_157' title='bbox 507 2096 578 2159; x_wconf 89' lang='lat' dir='ltr'><strong>in</strong></span> <span class='ocrx_word' id='word_1_158' title='bbox 638 2094 991 2177; x_wconf 82' lang='lat' dir='ltr'><strong>mentibus3</strong></span> <span class='ocrx_word' id='word_1_159' title='bbox 1054 2115 1200 2158; x_wconf 91' lang='lat' dir='ltr'><strong>cum</strong></span> <span class='ocrx_word' id='word_1_160' title='bbox 1261 2114 1414 2157; x_wconf 91' lang='lat' dir='ltr'><strong>vero</strong></span> <span class='ocrx_word' id='word_1_161' title='bbox 1481 2093 1708 2158; x_wconf 91' lang='lat' dir='ltr'><strong>eodem</strong></span> <span class='ocrx_word' id='word_1_162' title='bbox 1767 2095 1951 2178; x_wconf 83' lang='lat' dir='ltr'><strong>quasi</strong></span> <span class='ocrx_word' id='word_1_163' title='bbox 2011 2116 2355 2161; x_wconf 84' lang='lat' dir='ltr'><strong>maxumus</strong></span> 
     </span>
     <span class='ocr_line' id='line_1_24' title="bbox 339 2181 2359 2353; baseline 0 -18"><span class='ocrx_word' id='word_1_164' title='bbox 339 2205 426 2335; x_wconf 68' lang='lat'><strong>311²</strong></span> <span class='ocrx_word' id='word_1_165' title='bbox 429 2181 1115 2333; x_wconf 39' lang='lat' dir='ltr'><strong>&amp;3235ssssssssssss</strong></span> <span class='ocrx_word' id='word_1_166' title='bbox 1118 2181 1549 2347; x_wconf 56' lang='lat' dir='ltr'><strong>uffiffl</strong></span> <span class='ocrx_word' id='word_1_167' title='bbox 1587 2182 2359 2353; x_wconf 53' lang='grc' dir='ltr'><strong>ἲὲῗθρῗεᾞῗᾞέἓὲἰ</strong></span> 
     </span>
     <span class='ocr_line' id='line_1_25' title="bbox 338 2356 2355 2441; baseline 0 -19"><span class='ocrx_word' id='word_1_168' title='bbox 338 2356 719 2441; x_wconf 89' lang='lat' dir='ltr'><strong>opinionum</strong></span> <span class='ocrx_word' id='word_1_169' title='bbox 754 2356 1077 2440; x_wconf 83' lang='lat' dir='ltr'><strong>pravitate</strong></span> <span class='ocrx_word' id='word_1_170' title='bbox 1115 2378 1154 2420; x_wconf 90' lang='lat' dir='ltr'><strong>a</strong></span> <span class='ocrx_word' id='word_1_171' title='bbox 1187 2358 1545 2441; x_wconf 88' lang='lat' dir='ltr'><strong>naturaque</strong></span> <span class='ocrx_word' id='word_1_172' title='bbox 1582 2356 2017 2439; x_wconf 80' lang='lat' dir='ltr'><strong>desciscimus,</strong></span> <span class='ocrx_word' id='word_1_173' title='bbox 2056 2361 2130 2422; x_wconf 94' lang='lat' dir='ltr'><strong>ut</strong></span> <span class='ocrx_word' id='word_1_174' title='bbox 2162 2358 2355 2423; x_wconf 86' lang='lat' dir='ltr'><strong>nobis</strong></span> 
     </span>
     <span class='ocr_line' id='line_1_26' title="bbox 339 2443 2432 2529; baseline -0 -19"><span class='ocrx_word' id='word_1_175' title='bbox 339 2446 585 2529; x_wconf 86' lang='lat' dir='ltr'><strong>optime</strong></span> <span class='ocrx_word' id='word_1_176' title='bbox 618 2448 888 2509; x_wconf 87' lang='lat' dir='ltr'><strong>naturae</strong></span> <span class='ocrx_word' id='word_1_177' title='bbox 925 2444 1058 2510; x_wconf 92' lang='lat' dir='ltr'><strong>vim</strong></span> <span class='ocrx_word' id='word_1_178' title='bbox 1093 2443 1331 2508; x_wconf 89' lang='lat' dir='ltr'><strong>vidisse</strong></span> <span class='ocrx_word' id='word_1_179' title='bbox 1368 2444 1726 2527; x_wconf 87' lang='lat' dir='ltr'><strong>videantur,</strong></span> <span class='ocrx_word' id='word_1_180' title='bbox 1765 2445 1878 2528; x_wconf 92' lang='lat' dir='ltr'><strong>qui</strong></span> <span class='ocrx_word' id='word_1_181' title='bbox 1912 2444 2083 2509; x_wconf 88' lang='lat' dir='ltr'><strong>nihil</strong></span> <span class='ocrx_word' id='word_1_182' title='bbox 2119 2446 2353 2511; x_wconf 90' lang='lat' dir='ltr'><strong>melius</strong></span> <span class='ocrx_word' id='word_1_183' title='bbox 2380 2470 2432 2509; x_wconf 80' lang='lat'><strong>25</strong></span> 
     </span>
     <span class='ocr_line' id='line_1_27' title="bbox 337 2531 2355 2632; baseline 0 -34"><span class='ocrx_word' id='word_1_184' title='bbox 337 2533 616 2618; x_wconf 88' lang='lat' dir='ltr'><strong>homini,</strong></span> <span class='ocrx_word' id='word_1_185' title='bbox 675 2531 839 2597; x_wconf 89' lang='lat' dir='ltr'><strong>nihil</strong></span> <span class='ocrx_word' id='word_1_186' title='bbox 899 2532 1108 2632; x_wconf 78' lang='lat' dir='ltr'><strong>magis</strong></span> <span class='ocrx_word' id='word_1_187' title='bbox 1173 2531 1623 2615; x_wconf 83' lang='lat' dir='ltr'><strong>expetendum,</strong></span> <span class='ocrx_word' id='word_1_188' title='bbox 1683 2531 1849 2596; x_wconf 90' lang='lat' dir='ltr'><strong>nihil</strong></span> <span class='ocrx_word' id='word_1_189' title='bbox 1912 2533 2355 2617; x_wconf 89' lang='lat' dir='ltr'><strong>praestantius</strong></span> 
     </span>
     <span class='ocr_line' id='line_1_28' title="bbox 337 2619 2357 2704; baseline -0.001 -17"><span class='ocrx_word' id='word_1_190' title='bbox 337 2622 720 2703; x_wconf 85' lang='lat' dir='ltr'><strong>honoribus,</strong></span> <span class='ocrx_word' id='word_1_191' title='bbox 763 2620 1083 2703; x_wconf 90' lang='lat' dir='ltr'><strong>imperiis,</strong></span> <span class='ocrx_word' id='word_1_192' title='bbox 1125 2619 1428 2703; x_wconf 87' lang='lat' dir='ltr'><strong>populari</strong></span> <span class='ocrx_word' id='word_1_193' title='bbox 1473 2620 1683 2704; x_wconf 90' lang='lat' dir='ltr'><strong>gloria</strong></span> <span class='ocrx_word' id='word_1_194' title='bbox 1718 2619 2179 2686; x_wconf 89' lang='lat' dir='ltr'><strong>iudicaverunt.</strong></span> <span class='ocrx_word' id='word_1_195' title='bbox 2251 2620 2357 2685; x_wconf 90' lang='lat' dir='ltr'><strong>Ad</strong></span> 
     </span>
     <span class='ocr_line' id='line_1_29' title="bbox 338 2706 2356 2793; baseline -0.001 -19"><span class='ocrx_word' id='word_1_196' title='bbox 338 2732 534 2793; x_wconf 91' lang='lat' dir='ltr'><strong>quam</strong></span> <span class='ocrx_word' id='word_1_197' title='bbox 585 2709 793 2773; x_wconf 86' lang='lat' dir='ltr'><strong>fertur</strong></span> <span class='ocrx_word' id='word_1_198' title='bbox 844 2710 1149 2791; x_wconf 89' lang='lat' dir='ltr'><strong>optumus</strong></span> <span class='ocrx_word' id='word_1_199' title='bbox 1203 2707 1472 2791; x_wconf 90' lang='lat' dir='ltr'><strong>quisque</strong></span> <span class='ocrx_word' id='word_1_200' title='bbox 1522 2727 1865 2791; x_wconf 89' lang='lat' dir='ltr'><strong>veramque</strong></span> <span class='ocrx_word' id='word_1_201' title='bbox 1919 2707 2105 2771; x_wconf 89' lang='lat' dir='ltr'><strong>illam</strong></span> <span class='ocrx_word' id='word_1_202' title='bbox 2156 2706 2356 2773; x_wconf 86' lang='lat' dir='ltr'><strong>hone·</strong></span> 
     </span>
     <span class='ocr_line' id='line_1_30' title="bbox 337 2794 2356 2880; baseline -0.002 -18"><span class='ocrx_word' id='word_1_203' title='bbox 337 2801 576 2863; x_wconf 89' lang='lat' dir='ltr'><strong>statem</strong></span> <span class='ocrx_word' id='word_1_204' title='bbox 621 2798 952 2879; x_wconf 87' lang='lat' dir='ltr'><strong>expetens,</strong></span> <span class='ocrx_word' id='word_1_205' title='bbox 998 2816 1190 2880; x_wconf 90' lang='lat' dir='ltr'><strong>quam</strong></span> <span class='ocrx_word' id='word_1_206' title='bbox 1224 2816 1423 2859; x_wconf 89' lang='lat' dir='ltr'><strong>unam</strong></span> <span class='ocrx_word' id='word_1_207' title='bbox 1456 2797 1693 2859; x_wconf 87' lang='lat' dir='ltr'><strong>natura</strong></span> <span class='ocrx_word' id='word_1_208' title='bbox 1734 2794 2012 2859; x_wconf 84' lang='lat' dir='ltr'><strong>maxime</strong></span> <span class='ocrx_word' id='word_1_209' title='bbox 2050 2795 2356 2879; x_wconf 86' lang='lat' dir='ltr'><strong>anquirit,</strong></span> 
     </span>
    </p>
   </div>
   <div class='ocr_carea' id='block_1_4' title="bbox 337 2870 2577 2965">
    <p class='ocr_par' dir='ltr' id='par_1_4' title="bbox 337 2870 2577 2965">
     <span class='ocr_line' id='line_1_31' title="bbox 337 2870 2577 2965; baseline 0 -18"><span class='ocrx_word' id='word_1_210' title='bbox 337 2885 408 2948; x_wconf 92' lang='lat' dir='ltr'><strong>in</strong></span> <span class='ocrx_word' id='word_1_211' title='bbox 464 2905 715 2947; x_wconf 91' lang='lat' dir='ltr'><strong>summa</strong></span> <span class='ocrx_word' id='word_1_212' title='bbox 776 2884 1091 2947; x_wconf 89' lang='lat' dir='ltr'><strong>inanitate</strong></span> <span class='ocrx_word' id='word_1_213' title='bbox 1155 2885 1452 2947; x_wconf 87' lang='lat' dir='ltr'><strong>versatur</strong></span> <span class='ocrx_word' id='word_1_214' title='bbox 1514 2884 2043 2965; x_wconf 90' lang='lat' dir='ltr'><strong>consectaturque</strong></span> <span class='ocrx_word' id='word_1_215' title='bbox 2103 2882 2355 2948; x_wconf 91' lang='lat' dir='ltr'><strong>nullam</strong></span> <span class='ocrx_word' id='word_1_216' title='bbox 2381 2908 2435 2948; x_wconf 76' lang='lat' dir='ltr'><strong>ao</strong></span> <span class='ocrx_word' id='word_1_217' title='bbox 2566 2870 2577 2914; x_wconf 54' lang='lat'><strong><em>³</em></strong></span> 
     </span>
    </p>
   </div>
   <div class='ocr_carea' id='block_1_5' title="bbox 337 2967 2357 3055">
    <p class='ocr_par' dir='ltr' id='par_1_5' title="bbox 337 2967 2357 3055">
     <span class='ocr_line' id='line_1_32' title="bbox 337 2967 2357 3055; baseline -0 -19"><span class='ocrx_word' id='word_1_218' title='bbox 337 2972 728 3036; x_wconf 91' lang='lat' dir='ltr'><strong>eminentem</strong></span> <span class='ocrx_word' id='word_1_219' title='bbox 755 2970 1039 3054; x_wconf 84' lang='lat' dir='ltr'><strong>effigiem</strong></span> <span class='ocrx_word' id='word_1_220' title='bbox 1065 2970 1343 3053; x_wconf 78' lang='lat' dir='ltr'><strong>virtutiS‚</strong></span> <span class='ocrx_word' id='word_1_221' title='bbox 1380 2967 1492 3033; x_wconf 90' lang='lat' dir='ltr'><strong>sed</strong></span> <span class='ocrx_word' id='word_1_222' title='bbox 1520 2968 2019 3033; x_wconf 86' lang='lat' dir='ltr'><strong>adumbratam</strong></span> <span class='ocrx_word' id='word_1_223' title='bbox 1998 2970 2357 3055; x_wconf 79' lang='lat' dir='ltr'><strong>imaginem</strong></span> 
     </span>
    </p>
   </div>
   <div class='ocr_carea' id='block_1_6' title="bbox 338 3056 2441 3144">
    <p class='ocr_par' dir='ltr' id='par_1_6' title="bbox 338 3054 2576 3144">
     <span class='ocr_line' id='line_1_33' title="bbox 338 3056 2441 3144; baseline 0 -23"><span class='ocrx_word' id='word_1_224' title='bbox 338 3058 600 3144; x_wconf 85' lang='lat' dir='ltr'><strong>gloriae.</strong></span> <span class='ocrx_word' id='word_1_225' title='bbox 689 3056 814 3121; x_wconf 85' lang='lat' dir='ltr'><strong>Est</strong></span> <span class='ocrx_word' id='word_1_226' title='bbox 867 3057 1038 3121; x_wconf 90' lang='lat' dir='ltr'><strong>enim</strong></span> <span class='ocrx_word' id='word_1_227' title='bbox 1093 3058 1302 3141; x_wconf 86' lang='lat' dir='ltr'><strong>gloria</strong></span> <span class='ocrx_word' id='word_1_228' title='bbox 1356 3056 1563 3122; x_wconf 87' lang='lat' dir='ltr'><strong>solida</strong></span> <span class='ocrx_word' id='word_1_229' title='bbox 1615 3056 1929 3140; x_wconf 88' lang='lat' dir='ltr'><strong>quaedam</strong></span> <span class='ocrx_word' id='word_1_230' title='bbox 1985 3078 2091 3122; x_wconf 90' lang='lat' dir='ltr'><strong>res</strong></span> <span class='ocrx_word' id='word_1_231' title='bbox 2138 3061 2205 3123; x_wconf 94' lang='lat' dir='ltr'><strong>et</strong></span> <span class='ocrx_word' id='word_1_232' title='bbox 2250 3079 2354 3122; x_wconf 83' lang='lat' dir='ltr'><strong>ex·</strong></span> <span class='ocrx_word' id='word_1_233' title='bbox 2436 3108 2441 3111; x_wconf 81' lang='grc'><strong>-</strong></span> 
     </span>
    </p>
   </div>
   <div class='ocr_carea' id='block_1_7' title="bbox 336 3142 2432 3490">
    <p class='ocr_par' dir='ltr' id='par_1_7' title="bbox 336 3142 2432 3489">
     <span class='ocr_line' id='line_1_34' title="bbox 337 3142 2353 3229; baseline 0 -20"><span class='ocrx_word' id='word_1_234' title='bbox 337 3167 590 3229; x_wconf 89' lang='lat' dir='ltr'><strong>pressa,</strong></span> <span class='ocrx_word' id='word_1_235' title='bbox 634 3165 766 3210; x_wconf 92' lang='lat' dir='ltr'><strong>non</strong></span> <span class='ocrx_word' id='word_1_236' title='bbox 813 3142 1221 3229; x_wconf 81' lang='lat' dir='ltr'><strong>adumbrata3</strong></span> <span class='ocrx_word' id='word_1_237' title='bbox 1267 3164 1346 3208; x_wconf 88' lang='lat' dir='ltr'><strong>ea</strong></span> <span class='ocrx_word' id='word_1_238' title='bbox 1381 3147 1481 3209; x_wconf 91' lang='lat' dir='ltr'><strong>est</strong></span> <span class='ocrx_word' id='word_1_239' title='bbox 1516 3144 1921 3209; x_wconf 90' lang='lat' dir='ltr'><strong>consentiens</strong></span> <span class='ocrx_word' id='word_1_240' title='bbox 1965 3144 2107 3209; x_wconf 88' lang='lat' dir='ltr'><strong>laus</strong></span> <span class='ocrx_word' id='word_1_241' title='bbox 2151 3144 2353 3210; x_wconf 89' lang='lat' dir='ltr'><strong>bono-</strong></span> 
     </span>
     <span class='ocr_line' id='line_1_35' title="bbox 337 3194 2352 3316; baseline 0.001 -20"><span class='ocrx_word' id='word_1_242' title='bbox 337 3254 509 3316; x_wconf 91' lang='lat' dir='ltr'><strong>rum,</strong></span> <span class='ocrx_word' id='word_1_243' title='bbox 561 3232 939 3315; x_wconf 87' lang='lat' dir='ltr'><strong>incorrupta</strong></span> <span class='ocrx_word' id='word_1_244' title='bbox 991 3253 1116 3298; x_wconf 83' lang='lat' dir='ltr'><strong>vox</strong></span> <span class='ocrx_word' id='word_1_245' title='bbox 1171 3194 1333 3295; x_wconf 67' lang='lat' dir='ltr'><strong>b’ene</strong></span> <span class='ocrx_word' id='word_1_246' title='bbox 1389 3230 1809 3296; x_wconf 91' lang='lat' dir='ltr'><strong>iudicantium</strong></span> <span class='ocrx_word' id='word_1_247' title='bbox 1874 3230 1952 3296; x_wconf 90' lang='lat' dir='ltr'><strong>de</strong></span> <span class='ocrx_word' id='word_1_248' title='bbox 2016 3232 2352 3298; x_wconf 85' lang='lat' dir='ltr'><strong>excellenti</strong></span> 
     </span>
     <span class='ocr_line' id='line_1_36' title="bbox 336 3318 2432 3404; baseline 0.001 -20"><span class='ocrx_word' id='word_1_249' title='bbox 336 3320 603 3401; x_wconf 90' lang='lat' dir='ltr'><strong>virtute,</strong></span> <span class='ocrx_word' id='word_1_250' title='bbox 640 3340 716 3383; x_wconf 89' lang='lat' dir='ltr'><strong>ea</strong></span> <span class='ocrx_word' id='word_1_251' title='bbox 750 3319 974 3383; x_wconf 87' lang='lat' dir='ltr'><strong>virtuti</strong></span> <span class='ocrx_word' id='word_1_252' title='bbox 1009 3320 1272 3382; x_wconf 87' lang='lat' dir='ltr'><strong>resonat</strong></span> <span class='ocrx_word' id='word_1_253' title='bbox 1305 3318 1692 3402; x_wconf 87' lang='lat' dir='ltr'><strong>tamquam</strong></span> <span class='ocrx_word' id='word_1_254' title='bbox 1672 3340 1909 3403; x_wconf 66' lang='lat' dir='ltr'><strong>imago.</strong></span> <span class='ocrx_word' id='word_1_255' title='bbox 1989 3318 2165 3395; x_wconf 83' lang='lat' dir='ltr'><strong>Quae</strong></span> <span class='ocrx_word' id='word_1_256' title='bbox 2202 3321 2357 3404; x_wconf 91' lang='lat' dir='ltr'><strong>quia</strong></span> <span class='ocrx_word' id='word_1_257' title='bbox 2382 3346 2432 3387; x_wconf 81' lang='lat'><strong>35</strong></span> 
     </span>
     <span class='ocr_line' id='line_1_37' title="bbox 339 3368 2353 3490; baseline 0.002 -21"><span class='ocrx_word' id='word_1_258' title='bbox 339 3409 510 3470; x_wconf 90' lang='lat' dir='ltr'><strong>recte</strong></span> <span class='ocrx_word' id='word_1_259' title='bbox 562 3368 880 3470; x_wconf 64' lang='lat' dir='ltr'><strong>f&#39;actorum</strong></span> <span class='ocrx_word' id='word_1_260' title='bbox 937 3405 1317 3489; x_wconf 89' lang='lat' dir='ltr'><strong>plerumque</strong></span> <span class='ocrx_word' id='word_1_261' title='bbox 1372 3427 1585 3471; x_wconf 89' lang='lat' dir='ltr'><strong>comes</strong></span> <span class='ocrx_word' id='word_1_262' title='bbox 1642 3409 1766 3490; x_wconf 88' lang='lat' dir='ltr'><strong>est,</strong></span> <span class='ocrx_word' id='word_1_263' title='bbox 1817 3427 1952 3471; x_wconf 94' lang='lat' dir='ltr'><strong>non</strong></span> <span class='ocrx_word' id='word_1_264' title='bbox 2006 3410 2105 3471; x_wconf 89' lang='lat' dir='ltr'><strong>est</strong></span> <span class='ocrx_word' id='word_1_265' title='bbox 2161 3408 2353 3473; x_wconf 87' lang='lat' dir='ltr'><strong>bonis</strong></span> 
     </span>
    </p>
   </div>
   <div class='ocr_carea' id='block_1_8' title="bbox 272 3489 2351 3577">
    <p class='ocr_par' dir='ltr' id='par_1_8' title="bbox 272 3489 2351 3577">
     <span class='ocr_line' id='line_1_38' title="bbox 272 3489 2351 3577; baseline 0.001 -16"><span class='ocrx_word' id='word_1_266' title='bbox 272 3514 305 3562; x_wconf 66' lang='grc' dir='ltr'>ι</span> <span class='ocrx_word' id='word_1_267' title='bbox 339 3493 496 3557; x_wconf 85' lang='lat' dir='ltr'><strong>viris</strong></span> <span class='ocrx_word' id='word_1_268' title='bbox 533 3492 944 3577; x_wconf 85' lang='lat' dir='ltr'><strong>repudianda.</strong></span> <span class='ocrx_word' id='word_1_269' title='bbox 1013 3489 1140 3555; x_wconf 89' lang='lat' dir='ltr'><strong>Illa</strong></span> <span class='ocrx_word' id='word_1_270' title='bbox 1177 3493 1421 3576; x_wconf 85' lang='lat' dir='ltr'><strong>autem,</strong></span> <span class='ocrx_word' id='word_1_271' title='bbox 1458 3515 1621 3577; x_wconf 91' lang='lat' dir='ltr'><strong>quae</strong></span> <span class='ocrx_word' id='word_1_272' title='bbox 1658 3516 1729 3559; x_wconf 89' lang='lat' dir='ltr'><strong>se</strong></span> <span class='ocrx_word' id='word_1_273' title='bbox 1766 3494 1902 3559; x_wconf 89' lang='lat' dir='ltr'><strong>eius</strong></span> <span class='ocrx_word' id='word_1_274' title='bbox 1939 3495 2351 3563; x_wconf 86' lang='lat' dir='ltr'><strong>imitatricem</strong></span> 
     </span>
    </p>
   </div>
   <div class='ocr_carea' id='block_1_9' title="bbox 2574 2478 2577 3053">
    <p class='ocr_par' dir='ltr' id='par_1_9' title="bbox 2574 2478 2577 3053">
     <span class='ocr_line' id='line_1_39' title="bbox 2574 2478 2577 3053; baseline 0 0"><span class='ocrx_word' id='word_1_275' title='bbox 2574 2478 2577 3053; x_wconf 95' lang='lat' dir='ltr'><strong> </strong></span> 
     </span>
    </p>
   </div>
   <div class='ocr_carea' id='block_1_10' title="bbox 2574 3308 2578 3856">
    <p class='ocr_par' dir='ltr' id='par_1_10' title="bbox 2574 3308 2578 3856">
     <span class='ocr_line' id='line_1_40' title="bbox 2574 3308 2578 3856; baseline 0 0"><span class='ocrx_word' id='word_1_276' title='bbox 2574 3308 2578 3856; x_wconf 95' lang='lat' dir='ltr'><strong> </strong></span> 
     </span>
    </p>
   </div>
  </div>
 </body>
</html>
