2609 3884
637 195 771 251 Llss.
809 197 878 251 11.
952 195 1105 285 (JAP.
1143 202 1230 265 24,
1267 201 1352 251 25.
1418 201 1451 262 s
1489 201 1713 253 ἰε-80.
2058 178 2065 185 ’
2140 198 2232 263 55

203 362 386 423 esset
433 358 516 423 ab
561 380 665 441 eo,
721 357 893 443 quod
933 361 1054 442 est,
1097 361 1173 422 ut
1218 358 1503 422 eiusdem
1550 359 1724 423 modi
1771 359 1853 424 ab
1900 381 2002 443 eo,
2057 360 2229 443 quod

202 468 345 511 non
401 451 526 531 est,
590 449 814 530 posset
855 467 1011 511 esse.
1099 445 1302 510 Recte
1358 447 1688 511 consensit
1732 446 2084 532 Arcesilas;
2148 448 2230 512 ad

203 534 653 599 definitionem
681 534 996 599 additum:
1040 555 1245 617 neque
1273 534 1444 597 enim
1480 534 1717 599 falsum
1752 535 1997 619 percipi
2040 556 2228 618 posse

203 643 419 705 neque
461 643 718 705 verum,
778 622 835 687 si
879 623 1054 686 esset
1095 622 1252 704 tale,
1312 622 1502 707 quale
1546 622 1651 687 vel
1696 622 1952 687 falsum.
2043 620 2228 687 Incu-

147 734 178 774 5
207 711 356 774 buit
411 713 630 773 autem
683 710 752 774 in
808 731 917 774 eas
982 709 1480 794 disputationes,
1541 714 1617 774 ut
1667 710 1925 775 doceret
1977 711 2229 775 nullum

207 798 346 861 tale
391 819 532 862 esse
575 798 788 862 visum
834 819 874 861 a
917 819 1097 881 vero,
1150 802 1228 862 ut
1278 819 1411 862 non
1464 797 1748 862 eiusdem
1801 798 1977 862 modi
2033 799 2229 862 etiam

209 907 250 950 a
295 885 466 951 falso
529 890 754 969 posset
805 906 964 951 esse.
1061 884 1242 949 Haec
1305 889 1407 950 est
1468 907 1599 949 una
1653 886 2012 970 contentio,
2065 907 2229 969 quae

210 972 422 1039 adhuc
468 973 911 1057 permanserit.
999 971 1171 1038 Nam
1216 973 1398 1057 illud,
1454 973 1621 1038 nulli
1664 974 1759 1037 rei
1805 973 2229 1038 adsensurum

209 1083 354 1127 esse
400 1062 785 1146 sapientem,
842 1060 1010 1127 nihil
1057 1061 1140 1125 ad
1183 1060 1351 1125 hanc
1399 1061 1904 1126 controversiam
1949 1062 2228 1145 pertine-

2266 896 2335 945 78

127 1175 180 1213 ιο
207 1150 346 1215 bat.
437 1148 707 1214 Licebat
751 1150 925 1215 enim
967 1148 1134 1213 nihil
1194 1149 1525 1232 percipere
1572 1152 1637 1213 et
1688 1152 1912 1213 tamen
1957 1150 2229 1232 opinari,
2286 1214 2295 1221 ,

207 1238 384 1323 quod
444 1259 487 1302 a
540 1235 869 1317 Carneade
931 1236 1168 1301 dicitur
1229 1237 1604 1321 probatum3
1664 1236 1967 1321 ,equidem
2028 1234 2228 1302 Clito-

207 1325 442 1390 macho
486 1326 634 1409 plus
681 1347 876 1410 quam
918 1323 1178 1389 Philoni
1223 1327 1339 1389 aut
1380 1323 1750 1390 Metrodoro
1796 1326 2058 1390 credens
2103 1325 2227 1389 hoc

207 1415 424 1499 magis
471 1413 555 1477 ab
602 1434 679 1478 eo
733 1413 1134 1495 disputatum
1191 1434 1387 1497 quam
1442 1412 1790 1495 probatum
1835 1416 2013 1496 puto,
2104 1409 2229 1476 Sed

175 1502 277 1565 ·id
333 1502 728 1566 omittamus.
818 1500 989 1565 Illud
1043 1504 1214 1565 certe
1271 1500 1646 1583 opinatione
1701 1503 1768 1565 et
1818 1500 2228 1583 perceptione

123 1613 180 1655 15
211 1590 474 1654 sublata
511 1589 818 1673 sequitur,
865 1589 1154 1653 omnium
1201 1588 1657 1653 adsensionum
1692 1588 1993 1672 retentio,
2032 1591 2124 1670 ut,
2170 1588 2230 1651 si

211 1677 555 1742 ostendero
599 1676 765 1741 nihil
821 1697 1012 1760 posse
1067 1676 1341 1759 percipi,
1399 1678 1474 1739 tu
1520 1675 1833 1741 concedas
1877 1696 2229 1758 numquam

209 1765 635 1830 adsensurum
682 1785 840 1829 esse.

344 1852 516 1929 Quid
579 1873 732 1937 ergo
799 1854 923 1937 est,
987 1851 1160 1936 quod
1217 1850 1466 1934 percipi
1528 1851 1763 1935 possit,
1828 1851 1884 1915 si
1945 1872 2028 1915 ne
2088 1872 2227 1915 sen-

208 1963 322 2005 sus
388 1940 645 2024 quidem
700 1962 852 2005 vera
901 1939 1250 2004 nuntiant?
1318 1960 1478 2023 quos
1536 1942 1636 2016 tu,
1699 1938 1993 2023 Luculle,
2056 1959 2227 2003 com-

119 2055 178 2095 20
209 2030 396 2093 muni
459 2029 605 2094 loco
669 2028 983 2111 defendiS,
1047 2026 1220 2111 quod
1261 2048 1345 2091 ne
1402 2027 1499 2091 ita
1557 2027 1768 2091 facere
1821 2048 2045 2111 posses
2055 2076 2073 2110 ,
2134 2026 2227 2090 id-

208 2119 383 2183 circo
419 2115 562 2181 heri
595 2138 728 2181 non
754 2116 1118 2180 necessario
1155 2115 1299 2179 loco
1329 2117 1555 2179 contra
1591 2136 1815 2179 sensus
1850 2118 1987 2179 tam
2022 2115 2230 2178 multa

207 2206 516 2270 dixeram.
613 2204 712 2268 Tu
775 2206 990 2268 autem
1051 2206 1118 2267 te
1180 2222 1384 2286 negas
1446 2202 1719 2267 infracto
1782 2223 1958 2266 remo
2017 2222 2227 2285 neque

206 2293 550 2359 columbae
587 2292 754 2357 collo
801 2291 1212 2356 commoveri.
1282 2289 1573 2354 Primum
1619 2290 1775 2354 cur?
1841 2312 1995 2354 nam
2050 2293 2117 2352 et
2160 2289 2231 2353 in

2248 1810 2333 1875 25

2266 1902 2331 1951 79

203 2403 388 2445 remo
419 2380 630 2445 sentio
675 2400 810 2444 non
837 2400 975 2443 esse
1019 2377 1107 2459 id,
1153 2378 1325 2462 quod
1368 2377 1679 2461 videatur,
1725 2381 1791 2442 et
1832 2378 1903 2441 in
1930 2376 2229 2441 columba
2351 2396 2360 2402 ·

119 2494 176 2535 25
204 2469 416 2554 pluris
487 2467 694 2533 videri
774 2467 1021 2532 colores
1093 2486 1212 2530 nec
1277 2486 1417 2529 esse
1487 2464 1636 2548 plus
1724 2486 1891 2529 uno:
1978 2462 2227 2528 Deinde

202 2556 458 2623 nihilne
492 2558 826 2640 praeterea
861 2551 1184 2618 diximus?
1251 2546 1563 2616 Maneant
1604 2552 1723 2616 illa
1761 2551 2003 2633 omnia3
2048 2551 2227 2614 labo-

203 2647 316 2710 rat
361 2645 488 2708 ista
533 2664 746 2707 causa.
835 2640 1117 2707 Veraces
1165 2661 1359 2705 sanos
1407 2660 1546 2703 esse
1594 2661 1817 2703 sensus
1864 2638 2048 2722 dicis3
2104 2637 2227 2722 igi-

203 2737 317 2797 tur
355 2752 609 2814 semper
644 2733 971 2794 auctorem
1015 2728 1218 2792 habes
1257 2750 1422 2811 eum,
1467 2727 1601 2810 qui'
1625 2746 1861 2810 magno
1902 2747 2018 2790 suo
2058 2725 2227 2808 peri-

207 2821 356 2886 culo
400 2841 665 2884 causam
710 2820 895 2903 agat3
942 2838 1018 2881 eo
1065 2817 1234 2879 enim
1278 2836 1417 2878 rem
1460 2814 1745 2878 demittit
1786 2812 2126 2897 Epicurus,
2172 2813 2228 2877 si

123 2934 178 2975 so
205 2930 375 2973 unus
423 2928 649 2972 sensus
689 2905 887 2969 semel
931 2905 1002 2968 in
1032 2904 1165 2967 vita
1201 2903 1512 2967 mentitus
1561 2902 1665 2981 sit,
1707 2902 1875 2966 nulli
1920 2922 2227 2985 umquam

209 3018 349 3061 esse
394 2994 798 3060 credendum.
886 2990 1030 3056 Hoc
1084 2994 1186 3055 est
1227 3012 1453 3055 verum
1499 3010 1665 3073 esse,
1728 2988 2043 3055 confidere
2091 2990 2224 3053 suis

205 3084 486 3149 testibus
553 3083 640 3146 et·
681 3081 1066 3164 †inportata
1132 3078 1454 3143 insistere!
1560 3075 1785 3160 Itaque
1840 3076 2224 3161 Timagoras

204 3172 568 3255 Epicureus
613 3172 811 3253 negat
856 3167 982 3232 sibi
1027 3188 1360 3249 umquam,
1419 3186 1565 3228 cum
1610 3165 1867 3229 oculum
1911 3164 2226 3245 torsisset,

205 3261 368 3324 duas
415 3281 497 3323 ex
540 3259 807 3322 lucerna
851 3254 1215 3320 flammulas
1263 3274 1403 3316 esse
1440 3252 1642 3335 visa83
1690 3250 2013 3334 opinionis
2050 3251 2225 3313 enim

2262 3006 2335 3057 80

129 3370 182 3413 ³5
207 3368 352 3412 esse
389 3345 812 3428 mendacium,
846 3364 979 3407 non
1007 3342 1359 3405 oculorum.
1427 3337 1628 3414 Quasi
1666 3339 2033 3421 quaeratur,
2071 3337 2225 3419 quid
2290 3364 2297 3369 ·

209 3435 318 3516 sit,
359 3456 514 3517 non,
580 3432 732 3515 quid
777 3431 1087 3495 videatur.
1179 3425 1278 3492 Sit
1329 3427 1438 3490 hic
1482 3426 1739 3509 quidem
1784 3423 2099 3488 maiorum
2146 3424 2226 3486 si-

207 3522 411 3605 milis3
456 3524 532 3585 tu
576 3540 749 3602 vero,
795 3519 906 3603 qui
950 3517 1091 3581 visa
1137 3515 1433 3579 sensibus
1480 3514 1607 3576 alia
1651 3532 1801 3577 vera
1846 3510 2019 3574 dicas
2067 3528 2225 3589 esse,
