2609 3884
573 224 576 229 -
653 190 788 245 LIB.
826 190 894 245 V.
951 190 1105 245 CAP.
1147 196 1391 245 16—18.
1450 196 1481 257 5
1517 196 1764 245 47—53.
2083 189 2217 254 443

189 350 535 416 dicandum
600 353 666 414 et
724 371 882 434 prae
947 372 1016 416 se
1077 351 1411 416 ferendum
1467 351 1571 416 sit.
1676 351 1923 429 Quibus
1981 351 2219 436 positis

188 439 516 523 intellegis
563 437 718 523 quid
757 442 1086 523 sequatur3
1135 442 1201 503 et
1246 439 1530 523 quidem,
1574 438 1703 504 nisi
1740 461 1818 504 ea
1853 439 1992 505 vita
2027 440 2220 505 beata

189 531 316 611 est,
375 548 536 612 quae
591 529 690 592 est
745 527 969 592 eadem
1037 527 1338 611 honesta,
1404 525 1493 592 sit
1556 526 1732 592 aliud
1792 548 2053 592 necesse
2118 531 2219 592 est

189 615 422 680 melius
481 615 618 680 vita
674 614 899 699 beata3
971 615 1142 699 quod
1206 616 1332 679 erit
1386 614 1557 679 enim
1612 615 1983 694 honestum,
2046 619 2218 681 certe

44 726 47 763 ε
133 728 161 770 5
188 702 573 769 fatebuntur
633 724 772 768 esse
832 702 1082 768 melius.
1187 702 1292 767 Ita
1352 703 1476 767 erit
1533 703 1726 768 beata
1783 703 1922 769 vita
1986 704 2217 768 melius

191 790 469 875 aliquid3
515 811 641 875 quo
690 790 844 873 quid
888 793 1108 873 potest
1155 789 1283 855 dici
1329 791 1740 873 perversius?
1816 790 2027 868 Quid?
2074 812 2219 855 cum

187 878 678 943 fatentur'satis
730 898 1037 963 magnam
1081 878 1216 943 vim
1263 899 1403 943 esse
1449 878 1519 943 in
1563 877 1739 943 vitiis
1788 878 1869 943 ad
1914 879 2220 943 miseram

187 967 424 1050 vitam,
461 987 675 1031 nonne
710 965 1044 1031 fatendum
1084 970 1185 1031 est
1223 966 1490 1031 eandem
1526 965 1661 1031 vim
1694 966 1767 1031 in
1802 966 2041 1031 virtute
2080 988 2220 1031 esse

190 1054 272 1120 ad
317 1054 578 1120 beatam
621 1052 871 1119 vitam?
944 1052 1435 1119 Contrariorum
1479 1054 1651 1118 enim
1698 1055 2024 1119 contraria
2069 1058 2221 1119 sunt

44 1172 48 1209 r
107 1168 162 1209 ιο
191 1142 666 1226 consequentia.
776 1142 916 1218 Quo
980 1142 1123 1208 loco
1188 1161 1461 1228 quaero,
1526 1163 1720 1225 quam
1781 1142 1916 1206 vim
1978 1142 2221 1207 habeat
2258 1154 2323 1203 51

188 1230 364 1294 libra
405 1229 524 1294 illa
570 1226 872 1314 Critolai,
927 1230 1037 1313 qui
1083 1251 1227 1294 cum
1281 1230 1354 1293 in
1400 1229 1673 1294 alteram
1719 1229 1972 1294 lancem
2020 1231 2223 1295 animi

190 1317 365 1382 bona
410 1318 732 1401 imponat,
777 1318 846 1381 in
883 1317 1154 1382 alteram
1193 1318 1483 1400 corporis
1521 1321 1587 1381 et
1624 1320 1915 1401 externa,
1961 1321 2221 1383 tantum

189 1404 591 1489 propendere
645 1404 826 1469 illam
882 1404 1066 1485 [boni
1120 1405 1401 1487 lancem]
1455 1407 1663 1489 putet,
1719 1409 1796 1470 ut
1847 1409 2091 1470 terram
2155 1409 2222 1471 et

44 1560 46 1565 ,
192 1494 402 1558 maria
449 1492 788 1576 deprimat.

43 1616 47 1655 ε
102 1600 164 1647 ‘15
246 1602 254 1607 ·
327 1580 497 1658 Quid
525 1600 680 1667 ergo
710 1582 834 1645 ¹aut
867 1580 1042 1646 hunc
1078 1580 1386 1665 prohibet
1420 1583 1534 1645 aut
1560 1581 1759 1646 etiam
1784 1580 2220 1647 Xenocratem
2244 1576 2325 1641 18

44 1706 46 1715 ·
193 1670 378 1735 illum
424 1669 885 1755 gravissimum
931 1668 1493 1753 philosophorum,
1540 1672 2041 1755 exaggerantem
2076 1672 2221 1734 tan-

191 1761 416 1842 topere
451 1758 786 1842 virtutem,
833 1760 1288 1823 extenuantem
1327 1761 1543 1822 cetera
1588 1760 1655 1821 et
1701 1757 2107 1841 abicientem,
2152 1758 2222 1822 in

192 1846 433 1911 virtute
485 1867 618 1911 non
669 1846 934 1911 beatam
979 1845 1168 1911 modo
1214 1846 1445 1929 vitam,
1502 1846 1615 1910 sed
1669 1845 1866 1910 etiam
1920 1845 2221 1911 beatissi-

44 2006 46 2013 ,
195 1951 371 1997 mam
416 1932 703 2018 ponere?
750 1933 922 2018 quod
960 1934 1218 2020 quidem
1253 1933 1386 1997 nisi
1424 1933 1526 2016 fit,
1572 1932 1889 1999 virtutum
1922 1933 2221 1999 interitus

116 2048 168 2087 ιο
197 2024 640 2106 consequetur.
693 2020 875 2087 Nam
911 2022 982 2087 in
1019 2042 1210 2107 quem
1243 2022 1417 2086 cadit
1452 2021 1809 2105 aegritudo,
1842 2022 1915 2085 in
1949 2021 2222 2086 eundem
2259 2040 2326 2091 52

195 2112 442 2173 metum
505 2109 731 2174 cadere
792 2130 1055 2175 necesse
1120 2112 1245 2193 est3
1311 2111 1411 2174 est
1466 2110 1637 2173 enim
1697 2113 1907 2174 metus
1966 2109 2224 2175 futurae

109 2238 115 2244 -
198 2196 620 2282 aegritudinis
714 2196 994 2263 sollicita
1078 2197 1502 2282 exspectati03
1584 2197 1656 2262 in
1738 2217 1925 2281 quem
2007 2200 2226 2262 autem

197 2288 434 2369 metus,
478 2285 546 2349 in
595 2284 867 2349 eundem
907 2285 1217 2369 formido,
1261 2285 1609 2370 timiditas,
1654 2307 1888 2369 pavor,
1930 2285 2223 2371 ignavia3

199 2394 380 2457 ergo,
425 2376 500 2437 ut
534 2372 706 2437 idem
741 2374 1036 2439 vincatur
1070 2373 1397 2438 interdum
1432 2394 1553 2438 nec
1594 2376 1781 2457 putet
1818 2373 1899 2437 ad
1936 2394 2005 2438 se
2039 2394 2223 2458 prae-

119 2486 171 2528 25
200 2464 457 2545 ceptum
501 2460 666 2526 illud
709 2459 898 2526 Atrei
941 2462 1291 2545 pertinere:

371 2584 702 2649 Proinde
773 2580 890 2649 sta
958 2587 1239 2668 parent
1310 2606 1387 2650 se
1459 2584 1543 2648 in
1614 2580 1801 2666 vita,
1878 2586 1956 2647 ut
2018 2582 2225 2649 vinci

1671 2670 2045 2736 nesciant.

199 2813 326 2878 Hic
381 2815 597 2877 autem
643 2812 964 2897 vincetur,
1018 2814 1093 2878 ut
1140 2812 1294 2893 dixi,
1347 2833 1468 2877 nec
1512 2812 1703 2878 modo
1750 2811 2067 2895 vincetur,
2114 2810 2227 2877 sed

203 2902 398 2966 etiam
445 2900 705 2985 serviet3
761 2902 832 2965 at
884 2921 1003 2966 nos
1057 2900 1369 2966 virtutem
1415 2921 1668 2984 semper
1717 2900 1995 2965 liberam
2047 2899 2227 2965 volu-

200 3011 369 3074 mus,
417 3011 673 3073 semper
713 2988 1057 3073 invictam3
1104 3011 1266 3073 quae
1312 2988 1444 3054 nisi
1489 2992 1666 3073 sunt,
1714 2988 1971 3053 sublata
2016 2988 2225 3053 virtus

121 3104 174 3145 so
203 3079 317 3142 est.
405 3076 623 3163 Atque
679 3077 737 3143 si
789 3078 861 3143 in
906 3077 1145 3143 virtute
1203 3077 1365 3143 satis
1415 3079 1514 3141 est
1566 3074 1878 3160 praesidii
1925 3075 2007 3139 ad
2060 3075 2224 3139 bene
2264 3092 2329 3143 53

201 3164 568 3244 vivendum,
627 3166 786 3231 satis
847 3168 948 3231 est
1007 3166 1205 3231 etiam
1262 3165 1342 3230 ad
1402 3164 1619 3249 beate3
1678 3163 1841 3229 satis
1899 3165 1999 3228 est
2052 3162 2227 3227 enim

202 3254 374 3319 certe
411 3252 481 3315 in
517 3252 785 3337 virtute,
828 3256 904 3319 ut
936 3253 1198 3319 fortiter
1233 3253 1555 3339 vivamus3
1602 3252 1659 3317 si
1697 3250 1980 3333 fortiter,
2026 3250 2226 3315 etiam

201 3344 274 3406 ut
335 3360 574 3425 magno
641 3341 892 3424 anime,
957 3344 1024 3405 et
1087 3340 1344 3425 quidem
1406 3344 1481 3405 ut
1538 3302 1725 3403 nulla
1788 3358 1857 3401 re
1922 3359 2227 3421 umquam

200 3432 557 3494 terreamur
593 3448 972 3512 semperque
1012 3429 1212 3493 simus
1259 3428 1506 3494 invicti.
1578 3424 1908 3511 Sequitur,
1952 3428 2028 3491 ut
2062 3424 2229 3489 nihil

123 3542 175 3585 85
201 3518 554 3603 paeniteat,
605 3515 776 3582 nihil
832 3515 1024 3602 desit,
1077 3516 1248 3581 nihil
1292 3516 1535 3601 obstet3
1593 3535 1749 3601 ergo
1808 3512 2028 3579 omnia
2080 3534 2227 3597 pro-
