2609 3884
705 159 843 215 LIB.
879 158 948 214 Π.
1007 159 1163 214 CAP.
1203 166 1377 215 7-9.
1432 169 1463 228 5
1498 167 1744 217 22—27.
2154 162 2241 225 33

208 340 428 386 causa·
467 320 724 384 nullum
779 320 1172 404 supplicium
1229 325 1509 406 recuset,
1569 323 1697 387 nisi
1751 323 1833 388 iis
1888 324 2080 388 rebus
2131 323 2238 388 ad-

209 430 446 473 sensus
500 409 613 493 sit,
676 429 840 492 quae
892 407 1096 473 falsae
1151 431 1292 474 esse
1336 432 1471 476 non
1523 411 1799 495 possint.
1886 410 2043 495 Ipsa
2087 433 2237 478 vero
2277 421 2344 470 24

211 496 540 580 sapientia
602 496 658 561 si
721 517 791 560 se
852 496 1207 580 ignorabit,
1280 499 1603 581 sapientia
1666 499 1752 563 sit
1813 521 2039 578 neone,
2111 522 2237 584 quo

209 585 410 649 modo
446 584 730 686 primum
767 583 1092 649 obtinebit
1125 607 1363 650 nomen
1402 586 1801 669 sapientiae?
1847 587 2076 652 deinde
2113 610 2238 672 quo

153 696 183 738 5
212 673 410 737 modo
440 673 765 756 suscipere
802 671 1088 755 aliquam
1121 695 1260 738 rem
1289 677 1404 738 aut
1432 695 1621 758 agere
1657 675 1931 740 fidenter
1960 676 2238 760 audebit,

212 782 364 825 cum
411 761 568 824 certi
612 759 777 824 1111111
822 761 972 839 01113,
1031 761 1204 846 quod
1249 762 1600 846 sequatur?
1667 783 1814 826 cum
1858 784 2009 829 vero
2056 763 2237 829 dubi-

211 848 415 931 tabit,
469 847 623 932 quid
669 848 755 912 sit
799 851 1159 914 extremum
1205 854 1272 914 et
1316 850 1622 914 ultimum
1666 851 2009 935 bonorum,
2053 853 2237 937 igno·

209 957 390 1020 rans„
425 957 552 1020 quo
591 936 809 1001 omnia
838 938 1218 1021 referantur,
1265 939 1378 1024 qui
1413 938 1656 1022 poterit
1692 960 1835 1004 esse
1872 939 2237 1023 sapientia?

211 1024 434 1108 Atque
490 1024 690 1088 etiam
744 1024 907 1088 illud
959 1026 1372 1110 perspicuum
1426 1029 1550 1109 est,
1608 1027 1917 1092 constitui
1978 1049 2238 1092 necesse

130 1137 184 1176 ιο
213 1134 361 1178 0330
404 1112 680 1195 initium,
724 1112 898 1196 quod
938 1114 1279 1198 sapientia,
1324 1134 1473 1179 cum
1518 1114 1674 1199 quid
1714 1135 1907 1199 agere
1951 1115 2239 1199 incipiat,

213 1205 550 1284 sequatur,
607 1200 798 1284 idque
842 1200 1104 1267 initium
1158 1223 1298 1268 esse
1342 1204 1611 1267 naturae
1665 1203 2239 1269 accommodatum.

211 1287 280 1353 N
283 1310 393 1352 am
429 1289 619 1352 aliter
654 1288 970 1372 adpetitio
1011 1286 1185 1376 (eam
1231 1290 1407 1354 enim
1449 1290 1747 1356 volumus
1784 1312 1922 1356 esse
1968 1285 2237 1375 ὁρμήν),

185 1399 348 1462 *qua
401 1376 483 1440 ad
542 1377 862 1462 agendum
914 1378 1315 1462 impellimur
1367 1381 1434 1442 et
1488 1377 1556 1442 id
1616 1379 2010 1464 adpetimuS,
2065 1380 2237 1463 quod

214 1468 317 1529 est
377 1465 616 1548 visum,
682 1466 929 1530 moveri
985 1487 1122 1530 11011
1181 1469 1417 1550 potest.
1521 1464 1695 1532 Illud
1759 1470 2002 1549 autem,
2064 1467 2238 1550 quod
2275 1483 2341 1532 25

129 1577 185 1616 ιτ,
213 1555 463 1631 movet,
524 1553 705 1636 prius
771 1557 1029 1637 oportet
1090 1553 1298 1619 videri
1355 1555 1540 1639 eique
1603 1554 1808 1638 credi3
1874 1555 2043 1639 quod
2095 1555 2239 1620 fieri

213 1639 716 1805 maffia&
750 1640 2240 1814 1303302553333323233132502t1⁰32}ssss

213 1815 482 1880 tendum
534 1819 785 1899 potest,
859 1817 917 1882 si
969 1817 1064 1902 id,
1123 1818 1295 1902 quod
1346 1819 1627 1902 videtur,
1688 1839 1823 1883 non
1882 1819 2240 1902 percipitur

215 1903 857 1969 accommodatumne
884 1908 1156 1970 naturae
1195 1906 1282 1970 sit
1319 1928 1406 1970 an
1434 1905 1763 1971 alienum?
1814 1905 2127 1992 Itemque,
2164 1907 2238 1990 si,

130 2018 187 2058 20
217 1992 375 2077 quid
411 1991 615 2058 officii
650 1993 751 2057 sui
797 1993 910 2077 sit,
953 2014 1089 2058 11011
1123 1995 1403 2058 occurrit
1438 1995 1682 2078 animo,
1726 1994 1893 2059 nihil
1928 2016 2237 2080 umquam

217 2081 483 2146 omnino
521 2083 689 2166 aget,
725 2081 807 2145 ad
842 2081 1092 2146 nullam
1118 2103 1256 2146 rem
1286 2104 1593 2166 umquam
1628 2083 2019 2166 impelletur,
2054 2105 2236 2148 num-

215 2191 414 2252 quam
476 2169 858 2233 movebitur.
968 2169 1211 2246 Quodsi
1274 2170 1516 2254 aliquid
1570 2171 1917 2255 aliquando
1978 2174 2236 2236 acturus

216 2261 348 2340 est,
408 2277 670 2322 necesse
733 2260 836 2322 031,
896 2257 965 2321 1(1
1020 2258 1080 2322 01
1131 2279 1382 2341 verum,
1436 2259 1604 2342 quod
1659 2258 1962 2342 occurrit,
2015 2259 2237 2324 videri.

219 2343 416 2428 Quid,
470 2343 666 2428 quod,
730 2345 788 2410 si
846 2345 978 2409 ista
1029 2367 1185 2410 vera
1245 2349 1420 2431 sunt,
1473 2347 1644 2412 ratio
1708 2347 1921 2411 omnis
1982 2347 2239 2411 tollitur
2273 2362 2341 2410 26

131 2458 188 2500 25
217 2433 410 2518 quasi
462 2431 780 2516 quaedam
834 2433 948 2498 lux
991 2433 1334 2518 lumenque
1378 2434 1601 2499 vitae?
1644 2438 1948 2498 tamenne
1994 2435 2067 2498 in
2108 2436 2238 2499 ista

211 2521 542 2604 pravitate
601 2520 1023 2604 perstabitis?
1111 2521 1286 2585 Nam
1348 2522 1693 2606 quaerendi
1746 2521 2009 2586 initium
2066 2523 2236 2586 ratio

215 2609 464 2692 attulit,
517 2627 682 2692 quae
734 2608 1009 2692 perfecit
1051 2609 1387 2692 virtutem,
1442 2632 1589 2675 cum
1640 2614 1813 2675 esset
1863 2609 2009 2692 ipsa
2065 2610 2236 2674 ratio

215 2698 602 2762 confirmata
654 2697 1039 2780 quaerendo.
1129 2696 1438 2773 Quaestio
1497 2701 1714 2762 autem
1766 2699 1867 2761 est
1922 2697 2236 2780 adpetitio

216 2785 610 2870 cognitionis
671 2784 1194 2869 quaestionisque
1266 2785 1418 2849 finis
1482 2785 1792 2851 inventio.
1898 2784 1992 2850 At
2048 2806 2235 2849 nemo

135 2900 190 2940 so
217 2873 472 2938 invenit
505 2871 702 2956 falsa,
738 2893 859 2937 nec
897 2894 1000 2956 ea,
1045 2895 1209 2957 quae
1243 2874 1494 2938 incerta
1529 2875 1936 2958 permanent,
1973 2872 2239 2938 inventa

217 2982 356 3026 0330
399 2963 687 3044 possunt,
723 2959 855 3042 sed,
893 2981 1039 3026 cum
1075 2982 1170 3040 ea,
1214 2982 1378 3045 quae
1414 2961 1599 3045 quasi
1638 2961 1926 3027 involuta
1960 2960 2238 3044 fuerunt,

219 3053 448 3132 aperta
511 3050 687 3131 sunt,
740 3051 881 3112 tum
934 3049 1198 3114 inventa
1252 3048 1568 3114 dicuntur.
1678 3047 1785 3114 Sic
1846 3054 1913 3113 et
1974 3049 2237 3113 initium

217 3136 565 3221 quaerendi
594 3139 660 3200 et
687 3136 898 3201 exitus
924 3137 1329 3221 percipiundi
1358 3141 1423 3201 et
1440 3136 1936 3246 comprendendi
1960 3139 2237 3201 tenetur.

217 3224 614 3308 Argumenti
657 3224 1014 3308 conclusio,
1064 3246 1227 3308 quae
1273 3229 1375 3289 est
1425 3223 1669 3290 Graece
1726 3220 2081 3305 ἀπόδειξις,
2143 3225 2238 3288 ita

141 3338 190 3380 35
219 3312 545 3376 definitur.
628 3310 857 3377 ‘Ratio
874 3362 893 3395 ‚
959 3334 1123 3396 quae
1197 3334 1275 3377 ex
1354 3313 1547 3377 rebus
1609 3313 1931 3397 perceptis
2004 3311 2084 3375 ad
2153 3312 2238 3394 id,

217 3399 390 3485 quod
435 3420 566 3463 non
609 3399 1118 3485 percipiebatur,
1163 3399 1473 3465 adducit?

365 3485 554 3564 Quod
556 3487 614 3551 si
695 3488 917 3553 omnia
994 3488 1136 3553 visa
1218 3489 1355 3553 01113
1436 3488 1616 3554 modi
1696 3490 1947 3569 essent,
2018 3485 2236 3569 qualia
2273 3458 2339 3579 29,

322 3599 548 3642 010.1v.
585 3601 625 3641 2.
1881 3595 1914 3643 3
