2609 3884
920 448 1016 520 Μ.
1077 447 1399 519 TULLII
1453 442 1947 519 CICERONIS

549 602 1395 690 TUSCULANARUM
1462 598 2335 687 DISPU'PA'PIONUM

1157 760 1256 815 AD
1293 758 1367 813 M.
1405 758 1716 813 BRUTUM

1099 906 1345 969 LIBER
1390 906 1761 977 QUARTUS

511 1025 630 1091 DE
676 1024 1085 1101 RELIQUIS
1130 1022 1395 1089 ANIMI
1442 1022 2367 1092 PERTURBATIONIBUS.

1325 1184 1537 1193 ——-——

1097 1293 1772 1355 ARGUMENTUM.

564 1408 757 1465 Cicero
806 1409 876 1465 de
919 1424 1114 1465 severa
1157 1408 1313 1465 vitae
1361 1409 1659 1479 disciplina.
1702 1408 1854 1477 apud
1898 1408 2113 1478 priscos
2157 1409 2470 1469 Romanos

421 1480 633 1535 usitata
658 1481 946 1550 praefatus
973 1480 1246 1536 auditoris
1267 1480 1605 1535 sententiam
1623 1480 1879 1535 refellere
1908 1480 2243 1551 adgreditur
2274 1484 2471 1539 ‘omni

421 1551 843 1621 perturbatione
879 1568 1042 1621 posse
1080 1551 1393 1620 sapientem
1428 1550 1663 1605 vacare'
1708 1550 1983 1619 negantis,
2056 1549 2319 1606 Primum
2364 1556 2467 1609 ad·

423 1623 535 1675 fert
560 1620 997 1691 perturbationis
1026 1621 1410 1677 definitionem
1430 1621 1677 1676 Stoicam
1696 1621 1755 1674 et
1783 1622 2051 1689 quattuor
2068 1621 2190 1675 eius
2218 1640 2463 1691 genera.

420 1692 906 1747 Perturbationem
941 1692 1116 1761 Zen0,
1169 1692 1485 1747 Stoicorum
1520 1692 1806 1761 princeps,
1853 1691 2073 1746 dixerat
2116 1708 2393 1749 aversam
2431 1713 2465 1750 a

419 1765 578 1817 recta
637 1763 853 1817 ratione
917 1763 1260 1831 naturaeque
1322 1764 1688 1832 incongruam
1750 1761 1926 1815 animi
1989 1763 2459 1821 commotionem.

421 1833 620 1887 Partes
647 1834 838 1887 autem
873 1833 1361 1902 perturbationum
1397 1833 1539 1887 duae
1568 1848 1637 1886 ex
1668 1831 1830 1886 bonis
1858 1832 2101 1901 opinatis
2126 1849 2461 1891 memoran-

421 1905 539 1969 tur,
585 1903 808 1957 laetitia
843 1905 902 1957 et
936 1903 1140 1970 libido,
1189 1903 1333 1957 duae
1372 1920 1439 1966 ex
1473 1903 1748 1957 malorum
1786 1918 1998 1970 errore,
2050 1903 2363 1973 aegritudo
2404 1910 2464 1961 et

421 1976 630 2040 metue,
666 1973 846 2041 iisque
875 1972 1110 2042 singulis
1144 1972 1661 2043 perturbationibus
1698 1988 1831 2027 suae
1867 1975 2057 2042 partes
2094 1973 2461 2030 subiciuntur

423 2060 544 2113 cap.
573 2050 748 2097 4—9.
802 2042 1036 2110 Deinde,
1075 2060 1184 2111 quo
1210 2044 1380 2099 modo
1408 2044 1533 2113 ipsa
1564 2042 1915 2113 perturbatio
1951 2044 2021 2097 ab
2052 2046 2458 2113 aegrotatione

421 2130 522 2167 seu
565 2114 758 2167 morbo
806 2112 1052 2179 differat,
1099 2114 1158 2167 et
1203 2130 1347 2181 quae
1391 2114 1467 2169 sit
1510 2114 1569 2168 in
1612 2114 1723 2169 hoc
1766 2130 1972 2184 genere
2010 2114 2185 2168 animi
2228 2118 2291 2170 et
2330 2134 2458 2173 cor-

419 2182 572 2253 poris
609 2182 942 2249 similitud0,
990 2183 1302 2237 ostenditur
1349 2201 1470 2253 cap.
1510 2190 1749 2239 10—14.
1837 2184 1983 2239 Tum
2018 2184 2331 2240 secundum
2370 2188 2455 2241 in-

421 2254 678 2307 stitutam
745 2251 1133 2321 quaestionem
1186 2254 1371 2310 brevis
1424 2254 1694 2309 subicitur
1753 2254 2156 2309 demonstratio
2222 2259 2454 2326 pertur-

417 2322 708 2377 bationem
763 2340 887 2377 cum
943 2322 1220 2392 sapientia
1273 2324 1577 2381 consistere
1630 2342 1741 2379 non
1784 2342 1976 2394 posse,
2029 2326 2203 2396 longa
2251 2330 2453 2383 autem

421 2393 727 2463 disputatio
767 2394 1429 2464 contra-Peripateticos,
1476 2396 1573 2465 qui
1606 2396 2057 2466 perturbationes
2091 2400 2452 2454 necessarias

417 2480 564 2530 esse,
600 2464 886 2519 naturales
923 2464 1201 2533 utilesque
1239 2467 1611 2534 contendunt,
1646 2483 1749 2521 nec
1784 2466 2067 2521 tollendas
2101 2466 2355 2536 sapienti
2393 2471 2454 2525 et
2559 2474 2560 2497 ³

417 2534 832 2604 exstirpandas,
889 2535 990 2589 sed
1043 2537 1379 2591 coercendas
1434 2540 1493 2592 et
1544 2537 1930 2592 moderandas.
1970 2538 2229 2592 statuunt
2293 2540 2448 2609 (cap.

421 2609 684 2675 15—26).
757 2606 918 2661 Hanc
954 2606 1160 2675 excipit
1195 2607 1472 2677 expositio
1510 2608 1580 2661 de
1616 2606 2103 2677 perturbationum
2128 2608 2446 2677 curatione,

418 2692 594 2744 eaque
633 2676 854 2731 diversa
889 2692 990 2745 pro
1029 2676 1250 2732 diversa
1284 2678 1768 2747 perturbationum
1803 2680 2021 2733 natura.
2076 2678 2142 2732 In
2170 2680 2449 2747 quattuor

396 2748 605 2801 autem
650 2746 1164 2819 perturbationibus
1209 2748 1323 2802 illis
1372 2749 1631 2803 sedandis
1688 2750 1777 2803 est
1820 2764 1890 2804 ea
1944 2748 2214 2803 distincta
2262 2751 2444 2805 ratio:

415 2816 664 2871 Primum
701 2820 889 2871 utrum
925 2818 998 2871 ad
1033 2818 1351 2876 universam
1386 2818 1892 2888 perturbationem,
1928 2820 2216 2889 tamquam
2254 2820 2444 2891 aegri-

415 2885 692 2954 tudinem,
739 2887 1043 2957 laetitiam,
1089 2905 1164 2943 an
1207 2889 1280 2942 ad
1325 2889 1602 2961 singulas,
1646 2890 1707 2945 id
1754 2892 1842 2945 est
1883 2890 2091 2945 formas
2136 2890 2445 2961 generibus

417 2954 724 3023 subiectas,
780 2958 1140 3027 adhibeatur,
1193 2959 1396 3014 deinde
1450 2962 1637 3014 utrum
1690 2960 1829 3015 mali
1872 2960 2077 3015 bonive
2124 2960 2315 3030 opinio
2374 2980 2447 3017 an

413 3025 540 3095 ipsa
594 3027 819 3083 omnino
874 3029 1223 3096 perturbatio
1275 3030 1528 3085 tollatur.
1620 3030 1732 3084 Sed
1777 3032 1989 3085 certam
2036 3032 2093 3085 et
2146 3031 2445 3101 propriam

415 3096 765 3153 sanationem
819 3112 964 3167 esse,
1011 3100 1060 3153 si
1107 3101 1312 3155 doceas
1356 3100 1509 3170 ipsas
1553 3101 2003 3170 perturbationes
2048 3118 2151 3171 per
2194 3118 2256 3157 se
2316 3118 2444 3158 esse
2559 3142 2560 3147 κ

412 3167 646 3222 vitiosas
691 3184 796 3222 nec
843 3168 1054 3223 habere
1111 3170 1409 3238 quicquam
1456 3172 1557 3225 aut
1598 3171 1854 3227 naturale
1900 3173 1999 3227 aut
2042 3172 2445 3229 necessarium.
2559 3218 2560 3253 3

413 3236 664 3291 Alteram
701 3240 890 3291 autem
925 3237 1233 3308 rationem,
1263 3258 1406 3307 quae
1445 3240 1611 3295 simul
1649 3242 1969 3311 opinionem
2004 3242 2138 3297 boni
2172 3244 2275 3297 aut
2300 3244 2442 3299 mali

411 3306 606 3373 tollat,
646 3324 766 3361 esse
803 3307 962 3361 illam
1000 3308 1224 3376 quidem
1258 3310 1576 3379 utiliorem,
1622 3313 1723 3366 sed
1768 3330 1896 3367 raro
1945 3313 2213 3382 proficere
2252 3330 2443 3382 neque

413 3391 535 3429 esse
581 3376 655 3429 ad
697 3377 899 3445 vulgus
946 3377 1340 3436 adhibendam.
1422 3382 1561 3435 Esse
1608 3382 1779 3436 etiam
1824 3382 1923 3437 ubi
1973 3382 2231 3437 adhiberi
2266 3384 2443 3453 plane

411 3460 526 3498 non
555 3444 760 3514 possit,
797 3447 947 3514 quod
983 3464 1098 3514 res,
1137 3464 1278 3516 quae
1305 3452 1599 3517 perturbet
1625 3451 1897 3521 animum,
1934 3470 1994 3507 re
2022 3469 2158 3508 vera
2184 3453 2261 3507 sit
2284 3454 2443 3510 bona

405 3516 512 3567 aut
563 3515 737 3581 mala,
790 3519 856 3571 ut
901 3516 949 3571 si
994 3516 1118 3587 qui·
1173 3534 1341 3586 aegre
1396 3520 1545 3576 ferat
1597 3522 1741 3577 nihil
1792 3522 1853 3578 in
1906 3538 1965 3578 se
2016 3539 2135 3578 esse
2188 3522 2441 3593 virtutis,
