2609 3884
707 195 843 250 LIB.
881 196 978 252 IV.
1034 195 1187 252 CAP.
1225 201 1375 251 22-
1387 200 1471 251 25.
1528 200 1743 261 §50—
1756 201 1843 251 55.
2155 196 2283 259 411

397 356 708 422 Dicamus
772 356 976 442 igitur
1028 357 1257 422 utilem
1314 356 1677 421 insaniam?
1774 357 2010 423 Tracta
2067 358 2288 423 defini·
2309 335 2395 461 ἓξ

264 445 475 511 tiones
512 444 937 529 fortitudinia,
979 445 1322 530 intelleges
1360 466 1503 509 eam
1540 444 1877 511 stomacho
1911 467 2046 511 non
2082 466 2289 531 egere.

264 532 606 599 Fortitudo
673 536 773 598 est
826 533 1032 616 igitur
1087 532 1366 597 adfectio
1422 533 1623 598 animi
1677 533 1811 619 legi
1870 555 2157 598 summae
2216 534 2289 597 in

264 620 699 705 perpetiendis
737 621 931 685 rebus
962 622 1414 704 obtemperans
1451 622 1553 686 vel
1590 623 1997 687 conservatio
2034 622 2288 688 stabilis

211 732 240 774 5
266 708 489 773 iudicii
531 709 604 773 in
649 708 740 773 eis
786 709 1008 792 rebus,
1055 730 1220 792 quae
1263 707 1723 775 formidolosae
1765 710 2094 793 videntur,
2140 710 2291 774 sub-

267 796 490 861 eundis
521 800 588 861 et
613 797 1000 881 repellendis
1028 797 1133 861 vel
1161 796 1435 861 scientia
1465 818 1683 861 rerum
1717 796 2283 862 formidolosarum

266 885 858 970 contrariarumque
889 887 1004 950 aut
1030 884 1294 950 omnino
1322 884 1872 970 neglegendarum
1897 906 2288 950 conservans

267 994 490 1038 earum
544 995 760 1039 rerum
817 973 1053 1037 stabile
1107 972 1418 1037 iudicium
1461 972 1567 1038 vel
1621 972 1908 1056 brevius,
1961 976 2037 1038 ut
2082 970 2289 1057 Chry—

267 1061 490 1146 sippus
575 1058 756 1149 (nam
830 1061 1194 1145 superiores
1269 1059 1678 1125 definitiones
1752 1064 1939 1125 erant
2002 1058 2293 1146 Sphaeri,

182 1175 238 1215 10
263 1148 548 1213 hominis
601 1150 672 1214 in
724 1148 954 1250 primis
997 1150 1164 1213 bene
1209 1148 1602 1232 definientis,
1660 1152 1734 1213 ut
1776 1152 2015 1233 putant
2060 1147 2290 1233 Stoici3

269 1240 424 1301 sunt
469 1237 640 1301 enim
695 1237 959 1301 omnino
1016 1257 1235 1301 omnes
1280 1236 1418 1301 fere
1464 1236 1738 1320 similes,
1798 1236 1911 1302 sed
1957 1236 2292 1301 declarant

269 1324 627 1389 communis
680 1325 1009 1409 notiones,
1073 1324 1204 1388 alia
1257 1324 1471 1409 magis
1526 1322 1684 1409 alia)
1749 1360 1833 1371 —
1892 1323 2037 1400 Quo
2094 1325 2288 1389 modo

267 1412 471 1497 igitur
516 1410 963 1496 Chrysippus?
1064 1410 1437 1477 ‘Fortitudo
1494 1410 1654 1496 est',
1697 1412 1939 1497 inquit,
1989 1411 2291 1477 ‘scientia

267 1520 484 1565 rerum
539 1499 1065 1585 perferendarum
1115 1499 1221 1563 vel
1275 1498 1552 1565 adfectio
1609 1499 1809 1564 animi
1861 1499 1933 1563 in
1985 1500 2288 1584 patiendo

186 1614 240 1655 15
269 1610 346 1654 ac
381 1588 760 1673 perferendo
793 1608 1080 1653 summae
1114 1588 1249 1672 legi
1283 1609 1517 1672 parens
1550 1588 1687 1652 sine
1724 1587 2001 1653 timore?
2056 1586 2291 1665 Quam·

268 1677 369 1742 vis
404 1676 559 1742 licet
593 1677 984 1741 insectemur
1018 1676 1202 1758 istos,
1238 1679 1313 1739 ut
1342 1673 1705 1741 Carneades
1742 1676 2015 1761 solebat,
2051 1678 2290 1761 metuo,

265 1786 348 1830 113
379 1763 504 1830 3011
529 1764 906 1849 philosophi
935 1764 1082 1829 sint.
1136 1762 1314 1840 Quae
1346 1764 1519 1829 enim
1544 1763 1818 1828 istarum
1846 1763 2293 1828 definitionum

267 1873 401 1918 non
447 1853 656 1937 aperit
698 1853 1033 1918 notionem
1078 1855 1398 1935 nostram,
1453 1873 1647 1937 quam
1705 1851 2020 1916 habemus
2067 1866 2291 1917 omnes

270 1940 347 2005 de
413 1940 792 2006 fortitudine
854 1944 1097 2006 tectam
1153 1943 1346 2024 atque
1401 1938 1809 2004 involutam?
1873 1960 2001 2025 qua
2065 1943 2294 2023 aperta

187 2053 244 2093 ao
270 2027 412 2111 quis
460 2032 587 2113 est,
632 2029 742 2113 qui
789 2031 904 2093 aut
945 2028 1251 2093 bellatori
1298 2030 1413 2092 aut
1460 2026 1838 2112 imperatori
1884 2030 1999 2092 aut
2043 2028 2292 2093 oratori

272 2119 540 2201 quaerat
592 2116 836 2200 aliquid
877 2138 1085 2202 neque
1132 2137 1243 2181 eos
1300 2116 1647 2180 existumet
1692 2115 1832 2180 sine
1877 2116 2059 2180 rabie
2118 2116 2292 2199 quic-

271 2224 466 2286 quam
508 2202 770 2268 fortiter
812 2203 1022 2270 facere
1066 2202 1306 2288 posse?
1381 2202 1591 2280 Quid?
1638 2202 1867 2289 Stoici,
1913 2204 2024 2290 qui
2069 2225 2291 2269 omnes
2328 2222 2398 2271 54

269 2290 971 2443 igsipienteseffipois
997 2314 1138 2357 esse
1184 2292 1436 2376 dicunt,
1469 2294 1693 2365 'nonne
1738 2292 1867 2356 ista
1898 2291 2292 2443 gonliguut?

331 2400 556 2444 emove
609 2400 652 2462 p
883 2401 922 2443 a
951 2400 1133 2444 lones
1190 2401 1613 2464 maxumeque
1671 2380 1897 2444 iracun
1941 2401 2098 2463 1am,
2160 2402 2293 2444 13111

187 2492 242 2533 25
270 2466 659 2533 videbuntur
696 2470 990 2532 monstra
1025 2465 1252 2531 dicere.
1323 2467 1513 2533 Nunc
1559 2470 1776 2532 autem
1821 2467 1918 2532 ita
1953 2467 2294 2553 disserunt,

271 2555 365 2620 sic
420 2577 488 2620 33
545 2555 755 2620 dicere
810 2576 1034 2620 01111133
1089 2552 1327 2620 stultos
1389 2555 1701 2639 insanire,
1764 2557 1841 2619 ut
1892 2554 2061 2619 male
2121 2555 2293 2620 olere

273 2664 460 2709 omne
507 2663 795 2708 caenum.
903 2643 997 2708 At
1049 2664 1184 2708 non
1242 2664 1511 2745 semper.
1603 2640 1981 2726 Commove,
2035 2642 2293 2709 senties.

271 2728 378 2797 Sic
421 2731 764 2796 iracundus
808 2753 946 2797 non
990 2752 1246 2814 semper
1283 2731 1491 2797 iratus
1540 2734 1665 2815 est3
1707 2732 1978 2815 lacesse,
2023 2730 2156 2796 iam
2200 2732 2294 2796 vi-

271 2818 454 2884 debis
499 2818 836 2886 furentem.
937 2818 1148 2896 Quid?
1199 2820 1331 2885 ista
1384 2819 1687 2885 bellatrix
1729 2818 2092 2902 iracundia,
2148 2840 2295 2883 cum

187 2932 244 2975 zo
273 2906 537 2972 domum
572 2908 790 2987 rediit,
838 2908 1049 2992 qualis
1087 2910 1188 2973 est
1225 2930 1372 2973 cum
1408 2929 1633 2991 uxore,
1674 2929 1819 2972 cum
1858 2906 2101 2990 liberis,
2147 2927 2295 2971 cum

233 2994 563 3075 familia?
620 3018 703 3060 an
757 3000 898 3061 tum
953 3018 1205 3081 quoque
1263 3000 1364 3061 est
1415 2995 1640 3061 utilis?
1742 2994 1869 3059 Est
1920 2995 2124 3080 igitur
2178 2994 2294 3058 ali·

271 3083 453 3168 quid,
497 3084 671 3169 quod
704 3085 1083 3168 perturbata
1119 3106 1299 3149 mens
1339 3084 1568 3149 melius
1605 3084 1817 3167 possit
1849 3082 2062 3147 facere
2100 3104 2293 3166 quam

271 3171 622 3236 constans?
651 3194 735 3237 an
762 3173 1099 3257 quisquam
1127 3175 1350 3257 potest
1368 3172 1507 3236 31113
1536 3171 2026 3255 perturbatione
2054 3170 2293 3234 mentis

269 3258 508 3323 irasci?
579 3258 756 3324 Bene
789 3260 990 3345 igitur
1027 3261 1265 3345 nostri,
1312 3281 1458 3325 cum
1503 3259 1724 3325 omnia
1767 3262 1987 3323 essent
2028 3258 2097 3321 in
2142 3279 2295 3321 mo·

190 3372 245 3413 85
271 3346 490 3412 ribus
535 3346 725 3430 vitia,
772 3348 942 3431 quod
986 3348 1236 3413 nullum
1282 3352 1425 3413 erat
1467 3347 1805 3412 iracundia
1848 3345 2126 3429 foedius,
2169 3344 2294 3409 ira·
2536 3426 2538 3434 Α

273 3434 514 3499 cundos
561 3434 736 3500 solos
781 3456 1128 3500 morosos
1173 3436 1691 3501 nominaverunt.

403 3520 744 3588 Oratorem
788 3544 938 3587 vero
994 3522 1188 3588 irasci
1233 3523 1497 3587 minime
1552 3522 1758 3606 decet,
1814 3520 2116 3585 simulare
2161 3541 2292 3585 non
2311 3491 2397 3617 ἓξ
2531 3498 2536 3578 ἶ
