2609 3884
360 151 488 215 142
685 151 781 206 DE
818 149 1109 206 FINIBUS
1145 149 1508 205 BONORUM
1542 149 1638 204 ΕΤ
1675 149 2040 204 MALORUM

356 337 397 378 a
448 312 673 377 multis
682 363 699 397 ,
755 312 867 377 sed
920 313 1075 397 quia
1126 311 1259 376 tale
1317 311 1432 394 sit,
1483 314 1585 395 ut,
1643 312 1747 376 vel
1793 311 1848 375 si
1893 311 2267 396 ignorarent
2307 311 2376 376 id
2412 317 2424 327 '

354 401 682 485 homines,
733 401 837 466 vel
892 401 948 464 si
1004 399 1508 484 obmutuissent,
1570 421 1690 464 sua
1746 403 1967 464 tamen
2018 399 2376 483 pulchritu-

358 489 506 553 dine
563 491 735 553 esset
787 489 1121 574 specieque
1174 487 1520 552 laudabile.
1617 486 1846 571 Itaque
1908 487 2081 553 idem
2140 492 2377 553 natura

357 577 593 661 victuS,
638 577 746 641 cui
789 577 1020 642 obsisti
1054 597 1190 642 non
1226 577 1474 660 potest,
1521 575 1679 640 dicit
1715 575 1841 640 alio
1879 575 2024 641 loco
2064 575 2160 660 id,
2205 576 2377 660 quod

358 688 397 730 a
441 670 508 730 te
555 665 752 729 etiam
795 665 991 749 paulo
1039 668 1189 729 ante
1234 663 1480 728 dictum
1526 667 1649 748 est,
1690 685 1824 728 non
1865 685 2056 748 posse
2100 663 2376 729 iucunde
2403 689 2436 732 5

255 776 320 826 50
356 754 492 818 vivi
532 753 663 820 nisi
709 754 906 818 etiam
950 752 1238 817 honeste.
1313 751 1481 827 Quid
1524 773 1694 816 nunc
1741 750 2128 816 ‘honeste'
2176 751 2377 817 dicit?

356 841 639 943 idemne,
685 836 857 937 quod
892 838 1262 905 iucunde?
1338 837 1517 924 Ergo
1553 840 1676 905 ita.
1711 861 1844 904 non
1879 862 2070 924 posse
2105 840 2378 905 honeste

355 930 517 1014 vivi,
560 929 691 994 nisi
744 919 1014 994 honeste
1066 927 1368 994 vivatur?
1457 927 1567 992 An
1619 928 1750 993 nisi
1803 928 2108 1012 populari
2157 928 2378 992 fama?

359 1015 511 1082 Sine
566 1038 642 1081 ea
694 1017 899 1101 igitur
950 1017 1225 1082 iucunde
1269 1019 1469 1101 negat
1511 1039 1704 1100 posse
1747 1035 1810 1082 se
1860 1016 2120 1081 vivere?
2210 1016 2378 1093 Quid
2501 1067 2507 1070 -
2547 1044 2552 1048 ·

357 1105 613 1189 turpius
660 1126 855 1189 quam
902 1105 1210 1189 sapientis
1244 1105 1451 1169 vitam
1487 1126 1565 1169 ex
1599 1104 2044 1187 insipientium
2081 1126 2377 1169 sermone
2404 1132 2466 1171 10

356 1192 676 1278 pendere?
785 1193 976 1294 Quid
1008 1213 1162 1277 ergo
1224 1192 1348 1257 hoc
1398 1193 1544 1259 loco
1603 1192 1928 1278 intellegit
1985 1192 2377 1257 honestum?

360 1279 547 1346 Certe
601 1281 796 1362 nihil,
849 1281 981 1346 nisi
1034 1280 1233 1366 quod
1258 1281 1470 1366 possit
1529 1281 1744 1365 ipsum
1795 1283 2062 1366 propter
2114 1302 2182 1344 se
2235 1281 2377 1346 iure

356 1369 625 1434 laudari.
723 1331 895 1433 N'am
952 1369 1007 1433 si
1061 1371 1331 1454 propter
1381 1369 1810 1452 voluptatem,
1874 1390 2042 1470 quae
2092 1372 2192 1433 est
2248 1369 2380 1434 ista

192 1479 237 1514 >a
356 1455 528 1542 laus,
574 1479 737 1542 quae
781 1458 993 1542 possit
1037 1479 1071 1521 e
1117 1457 1392 1522 macello
1437 1455 1618 1541 peti?
1688 1456 1842 1523 Non
1887 1459 1943 1521 is
1979 1456 2083 1521 vir
2127 1459 2243 1540 est,
2277 1451 2380 1542 ist]

358 1568 504 1611 cum
558 1545 967 1611 honestatem
1021 1567 1095 1610 eo
1154 1546 1297 1610 loco
1351 1545 1614 1630 habeat,
1666 1547 1744 1609 ut
1788 1546 1925 1609 sine
1971 1566 2048 1608 ea
2104 1545 2378 1609 iucunde
2406 1571 2466 1612 15

358 1637 554 1719 neget
603 1655 795 1717 posse
840 1634 998 1713 vivi,
1048 1633 1211 1698 illud
1267 1633 1642 1717 honestum,
1697 1633 1871 1717 quod
1913 1633 2226 1717 populare
2272 1634 2379 1717 sit,

360 1723 603 1788 sentiat
647 1724 713 1786 et
758 1723 897 1786 sine
944 1743 1019 1786 eo
1067 1725 1261 1806 neget
1304 1721 1581 1786 iucunde
1616 1721 1750 1786 vivi
1783 1743 2002 1805 posse,
2049 1725 2165 1785 aut
2207 1721 2381 1805 quic-

360 1833 557 1895 quam
603 1809 776 1874 aliud
820 1809 1165 1875 honestum
1211 1809 1577 1895 intellegat,
1622 1809 1754 1873 nisi
1798 1808 1968 1893 quod
2008 1809 2095 1873 sit
2128 1814 2379 1874 rectum

358 1900 699 2050 lpmdmlil'loe
760 1919 879 1982 per
940 1919 1035 1982 se,
1100 1919 1218 1962 sua
1278 1896 1378 1982 vi,
1440 1919 1557 1962 sua
1629 1902 1885 1982 sponte,
1955 1918 2074 1962 sua
2143 1900 2379 1962 natura

388 2009 469 2051 au
516 2008 553 2049 a
600 2008 623 2048 1
652 2006 704 2050 e.
2403 2011 2460 2052 20

491 2072 745 2157 Itaque,
797 2073 1146 2157 Torquate,
1204 2094 1350 2137 cum
1405 2072 1644 2137 diceres
1699 2073 1976 2138 clamare
2023 2072 2378 2157 Epicurum

293 2124 491 2226 1non
544 2182 736 2246 posse
789 2161 1062 2225 iucunde
1119 2161 1275 2244 vivi,
1329 2161 1458 2225 nisi
1516 2162 1784 2226 honeste
1829 2165 1896 2225 et
1940 2162 2268 2246 sapienter
2312 2167 2383 2226 et

359 2251 527 2314 iuste
570 2249 920 2332 viveretur,
965 2253 1039 2313 tu
1081 2250 1219 2332 ipse
1266 2248 1432 2312 mihi
1474 2250 1740 2334 gloriari
1778 2249 2094 2314 videbare.
2166 2249 2382 2315 Tanta

360 2338 458 2403 vis
504 2339 715 2401 inerat
757 2338 827 2400 in
871 2336 1084 2401 verbis
1129 2340 1396 2420 propter
1432 2359 1651 2402 earum
1686 2359 1928 2423 rerum,
1974 2358 2137 2422 quae
2178 2338 2380 2423 signi-

360 2425 722 2492 ficabantur
764 2425 869 2489 his
912 2425 1159 2509 verbis,
1204 2425 1619 2510 dignitatem,
1675 2430 1749 2490 ut
1803 2389 1997 2490 altior
2038 2425 2251 2506 fiereS,
2305 2430 2382 2491 ut
2407 2451 2460 2494 25

359 2515 686 2579 interdum
729 2513 1091 2598 insisteres,
1139 2517 1215 2577 ut
1255 2536 1378 2579 nos
1423 2514 1682 2578 intuens
1730 2515 1917 2597 quasi
1959 2514 2379 2579 testificarere

360 2603 611 2668 laudari
655 2602 1064 2667 honestatem
1106 2605 1171 2666 et
1215 2602 1536 2666 iustitiam
1572 2602 1918 2686 aliquando
1957 2603 2041 2666 ab
2076 2600 2382 2686 Epicuro,

362 2689 570 2766 Quam
614 2693 681 2754 te
727 2690 996 2755 decebat
1039 2691 1122 2755 iis
1167 2691 1381 2755 verbis
1425 2691 1550 2772 uti,
1605 2690 1839 2775 quibus
1895 2688 1952 2754 si
2004 2689 2381 2776 philosophi

359 2800 494 2843 non
563 2781 920 2863 uterentur,
994 2778 1412 2862 philosophia
1482 2779 1743 2843 omnino
1814 2800 1948 2848 non
2018 2779 2378 2864 egeremus!

256 2045 340 2172 5116

359 2864 644 2930 Istorum
699 2866 871 2930 enim
923 2866 1269 2931 verborum
1325 2887 1570 2950 amore,
1624 2887 1785 2951 quae
1839 2888 2104 2951 perraro
2161 2867 2380 2951 appel·
2408 2893 2461 2933 so
2587 2923 2593 2928 .

360 2954 579 3018 lantur
634 2953 716 3017 ab
768 2953 1077 3038 Epicuro,
1140 2954 1525 3038 sapientiae,
1585 2953 2012 3038 fortitudinis,
2073 2955 2380 3038 iustitiae,

358 3041 853 3124 temperantiae,
896 3042 1474 3125 praestantissimis
1519 3041 1796 3126 ingeniis
1835 3041 2134 3107 homines
2183 3064 2250 3107 se
2298 3043 2382 3108 ad

254 3151 323 3199 52
360 3128 813 3214 philosophiae
860 3128 1143 3193 studium
1199 3132 1620 3193 contulerunt.
1722 3128 2225 3214 ‘Oculorum’,
2283 3132 2382 3196 in·

362 3217 505 3301 quit
544 3216 765 3300 Plato,
811 3214 964 3280 ‘est
1006 3217 1085 3282 in
1128 3217 1352 3282 nobis
1401 3239 1668 3282 sensus
1719 3219 2163 3301 acerrimus,
2213 3220 2381 3303 qui-

360 3306 500 3370 bus
556 3304 1023 3388 sapientiam
1075 3326 1223 3368 non
1279 3306 1674 3370 cernimus.
1775 3305 2006 3382 Quam
2061 3307 2204 3370 illa
2265 3329 2462 3373 ar-ss

364 3392 617 3457 dentis
680 3412 975 3456 amores
1032 3393 1418 3458 excitaret
1463 3392 1642 3458 sui!'
1744 3391 1874 3459 Cur
1926 3393 2236 3458 tandem?
2298 3417 2383 3460 an

360 3481 533 3566 quod
593 3481 690 3545 ita
754 3480 986 3544 callida
1047 3483 1172 3565 est,
1232 3485 1309 3546 ut
1383 3481 1626 3564 optime
1689 3483 1898 3566 possit
1970 3482 2384 3548 architectari
