2609 3884
710 91 845 146 LIB.
883 90 951 145 Π.
1009 91 1160 145 CAP.
1200 76 1376 146 5—31.
1431 97 1462 156 ς
1504 97 1743 146 16—20.
2107 90 2234 154 129

202 256 351 318 arte
400 252 775 338 distinguit,
818 254 894 316 ut
937 251 1099 317 haec
1143 252 1330 336 ipsa,
1363 273 1525 337 quae
1563 252 1752 316 modo
1797 252 2236 336 loquebamur.

203 339 551 405 Summum
608 363 647 405 a
700 340 884 405 vobis
943 339 1189 405 bonum
1234 341 1538 423 voluptas
1584 341 1833 406 dicitur.
1922 339 2235 424 Aperien-

203 430 365 494 dum
421 433 524 494 est
577 429 809 514 igitur,
863 428 1019 513 quid
1064 429 1149 493 sit
1196 430 1523 513 voluptas3
1584 431 1772 493 aliter
1818 429 1988 492 enim
2034 429 2234 512 expli-

205 518 372 600 cari,
422 516 603 603 ,quod
658 516 1014 601 quaeritur,
1067 539 1199 582 non
1252 520 1488 601 potest.
1587 515 1794 592 Quam
1853 516 1911 580 si
1957 518 2232 600 explica-

149 633 175 672 5
204 607 441 689 visset,
484 627 620 670 non
653 609 791 669 tam
831 605 1203 669 haesitaret.
1272 606 1410 669 Aut
1446 605 1615 669 enim
1654 627 1797 669 eam
1833 604 2234 689 voluptatem

64 694 73 714 ⁸
203 696 533 778 tueretur,
579 715 773 778 quam
810 693 1217 777 Aristippus,
1262 693 1330 758 id
1366 697 1492 776 est,
1538 715 1665 778 qua
1703 714 1925 758 sensus
1962 693 2237 757 dulciter

206 804 285 847 ac
341 782 618 846 iucunde
673 786 997 865 movetur,
1061 800 1257 866 quam
1323 782 1518 846 etiam
1579 781 1880 865 pecudes,
1941 781 1997 846 si
2055 781 2235 866 loqui

202 874 504 954 possent,
543 869 948 953 appellarent
980 870 1400 954 voluptatem,
1437 873 1568 953 aut,
1607 870 1666 935 si
1701 870 1912 954 magis
1947 870 2236 954 placeret

206 981 328 1024 suo
376 980 558 1024 more
604 958 811 1042 loqui,
858 979 1053 1042 quam
1098 962 1172 1022 ut

128 1108 176 1147 ιο
392 1079 675 1146 Omnes
719 1080 972 1147 Danai
1018 1085 1247 1166 atque
1289 1081 1816 1166 Mycenenses,

387 1167 660 1234 Attica
701 1170 940 1253 pubes

202 1310 571 1396 reliquique
636 1308 892 1393 Graeci,
957 1311 1068 1394 qui
1128 1311 1256 1376 hoc
1321 1314 1672 1394 anapaesto
1738 1311 2046 1395 citantur,
2108 1310 2234 1376 hoc

202 1421 345 1464 non
392 1399 607 1463 dolere
663 1399 871 1463 solum
924 1399 1281 1482 voluptatis
1326 1400 1587 1464 nomine
1639 1400 2020 1484 appellaret,
2074 1399 2230 1464 illud

205 1487 663 1570 Aristippeum
710 1490 1172 1568 contemneret,
1227 1491 1368 1572 aut,
1428 1488 1483 1552 si
1526 1490 1867 1572 utrumque
1910 1488 2234 1571 probaret,

130 1602 179 1641 15
206 1580 283 1639 ut
327 1574 593 1658 probat,
638 1575 1059 1659 coniungeret
1104 1574 1346 1640 doloris
1391 1575 1786 1640 vacuitatem
1824 1596 1968 1639 cum
2012 1576 2234 1675 volup-3

206 1667 349 1728 tate
388 1666 456 1727 et
493 1663 743 1728 duobus
779 1663 1032 1728 ultimis
1068 1667 1374 1728 uteretur.
1450 1663 1645 1728 Multi
1683 1663 1857 1727 enim
1903 1666 1998 1726 et
1993 1662 2234 1748 magni

208 1751 589 1835 philosophi
641 1751 799 1816 haec
851 1752 1084 1816 ultima
1136 1752 1458 1817 bonorum
1511 1753 1730 1816 iuncta
1786 1750 2105 1835 fecerunt,
2161 1753 2236 1814 ut

210 1840 604 1906 Aristoteles
668 1840 932 1905 virtutis
1000 1862 1191 1905 usum
1256 1862 1403 1906 cum
1465 1840 1637 1904 vitae
1709 1839 2028 1923 perfectae
2088 1861 2235 1923 pro·-

212 1929 527 2012 speritate
585 1928 943 2010 coniunxit,
998 1926 1297 2012 Callipho
1357 1928 1648 1993 adiunxit
1694 1927 1775 1993 ad
1826 1927 2237 1992 honestatem

135 2044 187 2082 20
213 2017 646 2101 voluptatem,
698 2014 1024 2081 Diodorus
1080 2017 1162 2081 ad
1208 2016 1478 2081 eandem
1535 2014 1945 2081 honestatem
1990 2016 2238 2082 addidit

215 2106 602 2169 vacuitatem
656 2104 915 2170 doloris.
1013 2104 1192 2169 Idem
1248 2105 1514 2169 fecisset
1565 2105 1914 2188 EpicuruS,
1977 2104 2034 2170 si
2094 2127 2235 2170 sen-

214 2193 487 2258 tentiam
530 2193 727 2277 hanc,
773 2215 936 2278 quae
979 2215 1151 2258 nunc
1194 2192 1584 2278 Hieronymi
1631 2196 1755 2276 est,
1799 2193 2239 2258 coniunxisset

214 2303 362 2347 cum
424 2281 751 2365 Aristippi
812 2285 1028 2346 vetere
1098 2282 1438 2346 sententia.
1543 2280 1652 2345 Illi
1707 2282 1879 2345 enim
1940 2282 2113 2346 inter
2168 2303 2236 2346 se

212 2370 619 2435 dissentiunt.
731 2368 1087 2454 Propterea
1159 2370 1436 2455 singulis
1502 2370 1740 2434 finibus
1813 2373 2082 2434 utuntur
2153 2374 2237 2449 et,

135 2485 185 2524 25
213 2480 360 2522 cum
405 2461 673 2542 uterque
720 2456 962 2523 Graece
1009 2459 1265 2543 egregie
1309 2459 1640 2542 loquatur,
1682 2479 1802 2522 nec
1842 2457 2236 2541 Aristippus„

212 2547 325 2632 qui
381 2546 782 2630 voluptatem
841 2568 1164 2611 summum
1216 2546 1458 2611 bonum
1523 2546 1705 2629 dicit,
1767 2545 1838 2609 in
1900 2545 2236 2627 voluptate

212 2634 402 2718 ponit
455 2655 588 2699 non
642 2635 887 2720 dolere,
948 2656 1153 2719 neque
1208 2633 1678 2718 Hieronymus,
1743 2633 1853 2717 qui
1915 2654 2237 2698 summum

213 2725 459 2788 bonum
508 2723 738 2787 statuit
770 2745 904 2788 non
948 2723 1192 2807 dolere,
1236 2721 1593 2806 voluptatis
1633 2721 1892 2786 nomine
1929 2742 2236 2804 umquam

214 2811 421 2875 utitur
466 2831 586 2894 pro
622 2811 741 2875 illa
774 2811 1160 2895 indolentia,
1204 2811 1444 2895 quippe
1492 2808 1604 2895 qui
1636 2830 1719 2874 ne
1755 2809 1826 2873 in
1862 2809 2233 2894 expetendis

140 2926 190 2964 ao
218 2899 479 2984 quidem
532 2899 724 2964 rebus
776 2902 1074 2964 numeret
1125 2898 1542 2983 voluptatem.
1629 2897 1812 2963 Duae
1865 2902 2016 2962 sunt
2061 2898 2234 2963 enim

216 3009 355 3139 {3³32
382 3009 637 3140 {¹233ssss
650 3008 842 3159 ’θέἑὲ
870 2988 1365 3141 Qefflacffl
1367 2990 1753 3159 1¹31&ssssssss
1825 2985 2090 3140 νῑῖῗέἱ
2130 2991 2237 3139 Ξῗὲ

216 3167 353 3227 tam
400 3163 822 3228 dissimilibus
878 3165 1071 3229 rebus
1115 3185 1248 3228 non
1291 3163 1484 3228 modo
1531 3185 1768 3230 nomen
1810 3184 2011 3228 unum
2055 3160 2237 3248 (nam

217 3251 284 3315 id
333 3249 593 3316 facilius
646 3250 958 3338 paterer),
1014 3252 1127 3316 sed
1180 3251 1380 3316 etiam
1433 3274 1570 3316 rem
1613 3273 1811 3317 unam
1865 3273 1942 3315 ex
1987 3251 2236 3316 duabus

142 3365 193 3405 35
218 3339 428 3404 facere
476 3339 828 3419 conamini,
882 3340 1053 3425 quod
1106 3341 1247 3404 fieri
1291 3340 1472 3405 nullo
1518 3340 1710 3405 modo
1769 3341 2003 3424 potest.
2091 3337 2238 3422 Hic,

220 3427 329 3511 qui
372 3431 716 3512 utrumque
762 3428 1021 3513 probat,
1067 3428 1383 3493 ambobus
1431 3427 1652 3493 debuit
1695 3429 1818 3512 uti,
1866 3428 2034 3492 sicut
2078 3426 2240 3491 facit

320 3540 618 3583 010.1v..1.
1883 3535 1916 3584 9

2274 1677 2344 1726 19
