2609 3884
369 107 460 169 20
979 103 1503 159 ARGUMENTUM
1536 103 1671 158 LIB.
1709 105 1779 160 11.
1892 131 1899 136 ·

368 281 483 319 non
517 262 738 332 possint
774 279 842 317 ex
879 278 972 330 eo,
1021 262 1167 316 unde
1201 279 1317 317 non
1354 263 1466 316 sint
1500 263 1568 332 (c.
1610 269 1641 316 6
1678 263 1865 331 extr.),
1912 278 2023 330 qua
2064 259 2127 316 in
2160 278 2221 316 re
2268 263 2408 316 tota

372 331 753 390 controversia
788 333 988 402 agitur.
1071 331 1235 387 Initio
1272 333 1424 386 facto
1462 349 1497 387 a
1532 330 1781 386 sensibus
1820 333 2064 386 ostendit
2098 331 2234 386 vera
2271 349 2403 386 esse

371 406 430 458 et
466 406 621 458 certa
655 403 864 458 iudicia
900 419 1186 470 sensuum,
1235 402 1441 472 quippe
1489 402 1658 456 nullis
1703 402 2039 457 valetudinis
2081 402 2403 456 aliarumve

369 491 556 529 rerum
591 472 1004 542 impedimentis
1039 473 1443 539 laborantium,
1477 472 1806 541 praesertim
1842 473 1891 526 si
1926 489 2015 526 ars
2051 472 2407 527 adhibeatur

373 548 434 600 et
467 543 809 598 exercitatio.
868 543 954 597 Ex
986 542 1075 596 his
1111 543 1286 611 igitur
1321 542 1455 597 visis
1493 542 1629 597 oriri
1665 538 1915 612 ἐννοίας,
1950 542 2206 609 notitias3
2246 560 2402 611 quae

373 615 422 670 si
469 614 648 669 falsae
685 616 784 667 aut
833 613 1082 668 incertae
1127 613 1263 681 sint,
1311 629 1533 667 omnem
1574 629 1761 668 rerum
1806 615 1865 668 et
1908 613 2291 682 cognitionem
2335 617 2403 668 et

370 684 702 739 memoriam
725 683 870 739 tolli.
919 683 1158 738 Maxime
1185 700 1321 738 vero
1350 683 1621 738 virtutum
1646 683 2025 752 cognitionem
2050 683 2398 738 documento

372 772 494 810 esse
527 755 708 808 multa
746 756 806 809 et
840 753 1235 823 comprehendi
1268 770 1430 823 posse
1467 755 1527 808 et
1559 752 1787 823 percipi.
1842 753 1994 822 Ergo
2024 753 2071 807 si
2107 754 2205 821 qui
2240 771 2399 808 com-

370 824 642 895 prehendi
679 824 982 893 quidquam
1017 840 1183 893 posse
1217 826 1453 894 negent,
1500 840 1596 878 eos
1640 823 1821 893 ipsam
1867 825 2133 879 virtutem
2170 824 2398 890 tollere,

369 897 542 950 immo
592 895 767 949 vitam
805 895 1053 949 evertere
1088 894 1342 947 funditus
1379 894 1436 948 et
1473 893 1680 948 animal
1716 895 1903 948 animo
1940 895 2137 949 orbare
2176 897 2245 964 (c.
2287 901 2397 948 ¹7-

374 968 479 1035 10).
535 964 752 1020 Deinde
789 965 847 1020 et
879 965 1082 1022 horum
1106 964 1271 1019 reicit
1296 963 1658 1033 sententiam,
1696 963 1793 1032 qui
1820 967 2033 1020 certum
2069 981 2191 1019 esse
2228 964 2398 1033 quid-

370 1034 2397 1160 ffizffnfffissnssasissfflaffiffl233⁰{ussbffl30vffnfssiiff3ffss

371 1175 495 1230 veri
528 1174 766 1228 iudicari
802 1192 915 1229 non
948 1175 1145 1244 possit,
1183 1178 1243 1229 et
1275 1192 1469 1230 eorum
1502 1175 1793 1244 rationem,
1832 1175 1929 1244 qui
1962 1177 2230 1245 percepta
2265 1193 2395 1231 cum

371 1247 597 1315 negent,
623 1245 920 1315 perspicua
945 1246 1282 1316 largiuntur3
1312 1262 1492 1315 neque
1521 1245 1670 1300 enim
1696 1246 2051 1316 perspicuum
2077 1262 2200 1300 esse
2230 1246 2394 1314 quid-

375 1333 544 1384 quam
585 1331 774 1384 posse,
818 1333 871 1370 v.
920 1333 966 1370 c.
1014 1332 1177 1370 avem
1221 1316 1409 1383 albam
1454 1333 1598 1384 esse,
1647 1317 1867 1384 quando
1906 1316 2155 1371 accidere
2191 1315 2391 1386 possit,

373 1388 437 1441 ut
465 1386 659 1440 eadem
695 1385 771 1440 sit
803 1385 968 1456 nigra
996 1387 1063 1455 (c.
1095 1392 1238 1440 10-
1255 1389 1359 1454 11).
1416 1386 1689 1452 Quoniam
1716 1390 1905 1441 autem
1936 1386 2224 1456 perceptio
2264 1405 2393 1442 cum

373 1455 702 1512 adsensione
739 1456 1035 1511 coniuncta
1081 1455 1178 1522 sit,
1227 1457 1372 1510 hanc
1416 1457 1582 1511 docet
1626 1473 1743 1511 esse
1795 1457 2160 1512 certissimam
2207 1474 2255 1511 c.
2308 1462 2390 1510 12.

372 1527 475 1581 His
513 1526 811 1596 disputatis
840 1527 898 1580 et
925 1526 1192 1596 expositis
1230 1529 1298 1596 (c.
1330 1529 1417 1595 13)
1454 1527 1628 1580 totius
1656 1527 2116 1582 Academicorum
2150 1527 2392 1582 rationis

371 1597 753 1651 fundamentis
807 1597 1052 1651 ostendit
1095 1599 1194 1650 aut
1238 1613 1431 1651 eorum
1473 1596 1955 1666 ratiocinationeS,
2001 1597 2201 1666 quibus
2247 1596 2395 1650 nihil

375 1666 771 1737 comprehendi
822 1667 1190 1736 contendant,
1243 1667 1483 1721 incertas
1529 1683 1649 1722 esse
1704 1670 1802 1721 aut
1852 1667 2058 1722 falsum
2098 1667 2187 1736 id,
2241 1668 2395 1736 quod

375 1738 662 1807 disputent
689 1739 757 1807 (c.
790 1740 894 1806 14).
952 1736 1064 1791 Sed
1087 1739 1153 1792 ut
1188 1754 1350 1807 pares
1388 1753 1505 1792 esse
1532 1736 1879 1792 Academicis
1905 1739 2181 1807 possimus
2206 1754 2393 1806 neque

373 1826 408 1864 a
440 1807 678 1863 veritate
715 1807 1109 1876 desciscamus,
1153 1824 1381 1862 necesse
1418 1824 1539 1862 esse
1578 1806 1783 1877 primo,
1842 1825 1983 1875 quae
2026 1824 2129 1890 pro
2174 1809 2393 1877 perspi-

374 1878 583 1933 cuitate
618 1878 941 1946 responderi
975 1877 1216 1947 possint,
1261 1881 1453 1933 tenere
1489 1894 1616 1944 nos„
1654 1877 1854 1931 deinde
1891 1877 2157 1946 captiosis
2196 1895 2392 1932 eorum

372 1947 934 2016 interrogationibus.
959 1964 1245 2002 occurrere
1302 1950 1371 2018 (c.
1432 1950 1538 2017 15).
1620 1948 1817 2016 Itaque
1872 1947 2160 2018 explicatis
2214 1965 2261 2002 c.
2324 1953 2391 2002 15

371 2017 555 2071 tribus
582 2017 1045 2071 Academicorum
1080 2019 1447 2087 arg1m1entiS,
1486 2035 1719 2086 quorum
1753 2017 1998 2087 primum
2034 2020 2093 2072 et
2124 2018 2393 2072 ultimum

375 2089 462 2142 est
506 2102 682 2156 genus
727 2087 870 2139 illud
914 2087 1321 2156 interrogandi,
1371 2089 1521 2156 quod
1567 2088 1788 2142 Soriten
1828 2091 2046 2144 veteres
2090 2090 2391 2155 vocabant,

376 2157 575 2226 quibus
613 2157 953 2210 contendunt
984 2156 1130 2210 nihil
1164 2157 1313 2212 inter
1344 2159 1467 2212 visa
1508 2159 1655 2212 falsa
1701 2161 1759 2212 et
1801 2175 1937 2213 vera
1976 2159 2270 2228 interesse,
2315 2158 2390 2212 iis

374 2229 442 2296 (c.
476 2229 705 2286 16-18)
724 2227 1027 2295 respondet
1050 2230 1109 2281 et
1124 2229 1309 2282 totum
1334 2227 1479 2281 illud
1496 2246 1671 2298 genus
1697 2229 2080 2298 interrogandi
2097 2232 2392 2297 tamquam

374 2297 639 2352 vitiosum
674 2297 850 2351 reicit.
923 2296 1024 2350 His
1073 2297 1304 2366 singulis
1347 2298 1548 2352 deinde
1584 2300 1887 2380 respondet
1922 2299 2141 2367 Cicero,
2186 2302 2391 2369 postea

376 2385 545 2436 quam
571 2366 752 2436 primo
782 2384 839 2421 se
858 2367 1090 2422 Lucullo
1114 2369 1475 2422 excusaverat
1503 2369 1571 2422 de
1597 2369 1989 2438 ph1losophiae
2016 2370 2391 2424 Academicae

376 2437 590 2506 studio,
645 2455 911 2507 magnum
958 2454 1017 2492 se
1072 2437 1424 2507 opinatorem
1478 2454 1599 2492 esse
1654 2439 1935 2494 confessus
1992 2441 2060 2508 (c.
2113 2443 2389 2504 20—21);

374 2509 574 2563 deinde
623 2508 691 2563 de
737 2508 1006 2563 Antiochi
1045 2507 1106 2562 in
1165 2509 1474 2562 deserenda
1516 2507 1769 2563 Philonis
1814 2509 2111 2578 disciplina
2153 2510 2389 2564 levitate

372 2595 554 2649 pauca
580 2579 799 2633 dixerat
825 2583 893 2650 (c.
925 2583 1032 2650 22).
1078 2578 1538 2634 Commemoratis
1567 2595 1699 2648 ergo
1729 2596 2066 2634 summorum
2098 2580 2391 2634 hominum

373 2649 828 2718 auctoritatibuS,
884 2650 980 2718 qui
1023 2649 1166 2704 nihil
1216 2650 1357 2706 certi
1402 2666 1523 2705 esse
1570 2650 1959 2704 contenderint
2003 2652 2071 2718 (c.
2118 2652 2389 2718 23—24),

375 2737 635 2774 sensuum
661 2721 957 2774 veritatem
991 2719 1300 2790 impugnat.
1363 2719 1479 2774 Aut
1505 2738 1631 2774 cum
1656 2720 1898 2790 Epicuro
1938 2719 2238 2775 dicendum
2263 2737 2389 2774 esse

376 2805 568 2842 sensus
611 2807 915 2857 numquam
957 2790 1154 2844 fallere
1199 2791 1483 2845 hominem
1528 2793 1611 2858 et,
1663 2790 1711 2844 si
1756 2790 1929 2844 semel
1981 2791 2205 2845 mentiti
2259 2791 2389 2858 sint,

372 2875 678 2927 numquam
721 2859 791 2912 iis
838 2860 1178 2914 credendum
1223 2862 1324 2914 aut
1367 2879 1493 2915 cum
1536 2861 1769 2917 Lucullo
1811 2860 1925 2915 alia
1960 2877 2223 2917 sensuum
2265 2862 2389 2916 visa

374 2945 496 2982 esse
540 2944 699 2994 vera,
747 2928 862 2983 alia
903 2930 1074 2994 falsa3
1121 2946 1230 2997 quo
1287 2933 1510 3000 sumpto
1564 2931 1779 2984 nullam
1831 2936 2094 2985 verorum
2144 2947 2179 2984 a
2231 2931 2389 2986 falsis

376 2998 868 3052 discernendorum
901 3001 1095 3053 notam
1129 2999 1372 3067 relinqui
1407 3004 1477 3068 (c.
1505 3003 1773 3068 25—26).
1848 3001 1998 3056 Male
2026 3003 2217 3056 autem
2243 3002 2390 3056 illud

376 3068 547 3136 obici,
595 3067 843 3122 artificiis
881 3069 1150 3124 adhibitis
1187 3072 1246 3124 et
1280 3070 1621 3140 cogitatione
1659 3071 1805 3125 effici
1838 3088 2001 3141 posse
2018 3115 2031 3139 ,
2068 3075 2133 3126 ut
2164 3072 2386 3133 intelle-

372 3155 569 3207 gamus
598 3137 764 3192 aliter
799 3155 887 3193 res
916 3155 1036 3193 esse
1077 3155 1142 3194 ac
1168 3139 1481 3208 videantur,
1518 3141 1748 3209 somnia,
1784 3141 1883 3196 ubi
1918 3142 2385 3211 evigilaverimus,

371 3208 516 3262 falsa
542 3207 748 3277 putari,
774 3208 898 3264 visa
924 3209 1339 3266 vinolentorum
1367 3213 1425 3264 et
1449 3211 1802 3280 furiosorum,
1838 3212 1937 3266 ubi
1968 3229 2024 3266 se
2053 3214 2383 3283 receperint.

372 3277 519 3331 Nam
555 3278 623 3332 de
667 3279 776 3332 hoc
811 3296 921 3334 non
935 3299 942 3304 ·
958 3280 1256 3350 disputari,
1303 3281 1429 3349 sed,
1475 3281 1665 3348 qualia
1707 3282 1849 3336 haec
1884 3282 2205 3351 videantur,
2258 3301 2383 3339 cum

372 3347 696 3416 videantur,
732 3347 791 3402 id
828 3351 1033 3418 quaeri.
1089 3351 1217 3404 Non
1245 3351 1395 3404 enim
1422 3366 1543 3405 esse
1582 3351 1839 3418 dubium,
1876 3351 2025 3419 quin,
2068 3370 2194 3407 cum
2230 3355 2382 3408 vide-

373 3419 562 3487 antur,
605 3419 936 3490 probentur,
990 3437 1057 3475 ex
1112 3437 1220 3488 quo
1275 3420 1551 3474 efficiatur
1594 3419 1742 3474 inter
1784 3422 1905 3475 visa
1957 3437 2091 3476 vera
2136 3425 2199 3477 et
2240 3424 2383 3478 falsa
