2609 3884
665 174 800 231 ΠΒ.
837 175 932 231 ΙΠ.
989 174 1142 230 CAP.
1181 180 1275 245 20,
1314 180 1400 229 21.
1458 178 1488 239 ς
1528 180 1769 229 ‹se-⁷2.
2096 174 2221 240 197

204 337 487 402 societas
496 386 516 421 ,
563 337 958 418 coniunctiO,
1003 336 1271 420 caritas,
1331 338 1398 400 et
1440 335 1877 400 emolumenta
1923 340 1990 400 et
2034 337 2225 402 detri-

205 429 455 509 menta,
504 446 666 509 quae
712 420 1110 508 ὠφελήματα
1157 427 1224 487 et
1266 420 1615 506 βλάμματοι
1658 424 2012 507 appellant,
2058 446 2227 489 com-

205 514 430 577 munia
481 534 622 578 esse
666 512 1036 597 voluerunt3
1084 533 1357 596 quorum
1397 511 1603 575 altera
1649 515 1948 596 prosunt,
1991 517 2228 577 nocent

207 601 433 665 altera.
504 600 730 685 Neque
767 601 977 665 solum
1014 621 1091 663 ea
1127 599 1509 682 communia,
1545 620 1769 664 verum
1808 600 2008 664 etiam
2042 601 2229 685 paria

153 712 180 753 5
211 709 350 753 esse
415 688 730 754 dixerunt.
835 686 1258 752 Incommoda
1322 690 1538 751 autem
1594 690 1660 751 et
1712 687 2053 752 commoda
2110 686 2229 773 (ita

208 776 382 840 enim
435 770 938 860 εὐχρηστήματα
992 779 1059 840 et
1115 771 1665 861 δυσχρηστήμοιτα
1721 776 2009 860 appello)
2056 797 2230 841 com-

207 864 434 929 munia
497 884 638 928 esse
701 864 1072 947 voluerunt,
1129 863 1313 947 paria
1375 865 1736 929 noluerunt.
1850 862 1976 927 Illa
2039 865 2229 948 enim,

209 972 377 1035 quae
439 954 715 1035 prosunt
766 956 879 1017 aut
940 972 1104 1035 quae
1164 954 1427 1036 nocent,
1490 955 1603 1016 aut
1663 953 1838 1017 bona
1902 954 2053 1016 sunt
2116 956 2231 1017 aut

208 1040 410 1124 mala,
465 1061 628 1123 quae
685 1039 818 1104 sint
870 1040 1054 1124 paria
1103 1059 1367 1104 necesse
1423 1043 1547 1124 est3
1612 1039 1953 1105 commoda
2011 1043 2229 1105 autem

132 1152 182 1193 ιο
209 1136 275 1192 et
318 1127 733 1193 incommoda
777 1128 849 1192 in
893 1148 968 1192 eo
1017 1148 1249 1212 genere
1295 1129 1474 1212 sunt,
1530 1149 1691 1211 quae
1750 1128 2119 1212 praeposita
2165 1133 2231 1193 et

205 1215 452 1280 reiecta
524 1215 820 1299 dicimus;
893 1235 972 1279 ea
1041 1219 1319 1299 possunt
1382 1216 1569 1298 paria
1630 1237 1764 1282 non
1826 1237 1986 1281 esse.
2104 1214 2231 1281 Sed

207 1303 648 1368 emolumenta
721 1304 1090 1368 communia
1153 1324 1292 1368 esse
1372 1304 1697 1389 dicuntur,
1768 1308 1940 1369 recte
2014 1308 2231 1369 autem

204 1391 386 1456 facta
432 1394 500 1455 et
542 1393 812 1475 peccata
854 1413 989 1457 non
1029 1391 1355 1456 habentur
1398 1392 1778 1457 communia.
1849 1392 2231 1457 Amicitiam
2268 1405 2336 1455 ’10

209 1482 429 1544 autem
466 1478 898 1544 adhibendam
936 1500 1075 1544 esse
1113 1482 1398 1564 censent,
1435 1480 1591 1565 quia
1628 1480 1716 1544 sit
1746 1501 1826 1544 ex
1864 1500 1939 1545 eo
1978 1500 2231 1565 genere,

132 1590 182 1631 ιε,
209 1588 374 1651 quae
451 1570 740 1650 prosunt.
851 1566 1255 1652 Quamquam
1330 1570 1545 1632 autem
1618 1568 1689 1632 in
1762 1568 2052 1633 amicitia
2123 1568 2233 1633 alii

210 1654 434 1720 dicant
488 1675 687 1739 aeque
742 1676 959 1719 caram
1015 1676 1154 1720 esse
1211 1656 1487 1739 sapienti
1540 1656 1861 1720 rationem
1916 1655 2110 1720 amici
2156 1677 2231 1721 ac

210 1764 424 1827 suam,
479 1743 596 1807 alii
648 1745 867 1807 autem
921 1742 1050 1808 sibi
1104 1743 1331 1827 cuique
1388 1744 1700 1808 cariorem
1747 1766 1958 1827 suam,
2012 1747 2233 1808 tamen

207 1830 277 1894 hi
323 1852 578 1915 quoque
623 1830 1022 1913 posteriores
1057 1830 1345 1896 fatentur
1383 1832 1665 1896 alienum
1708 1852 1848 1896 esse
1887 1854 1927 1896 a
1959 1831 2231 1912 iustitia,

210 1919 289 1983 ad
345 1940 544 2003 quam
594 1919 738 1983 nati
794 1939 934 1983 esse
979 1919 1339 2002 videamur,
1392 1918 1733 1984 detrahere
1785 1919 1938 2003 quid
1992 1919 2069 1984 de
2118 1920 2233 1984 ali-

133 2030 186 2071 36
209 2027 364 2090 quc,
420 2005 595 2090 quod
639 2005 768 2071 sibi
811 2010 1122 2072 assumat.
1210 2006 1477 2071 Minime
1523 2028 1673 2072 vero
1724 2008 2038 2091 probatur
2081 2008 2234 2074 huic

210 2093 614 2179 disciplinae,
651 2093 729 2158 de
767 2115 896 2178 qua
931 2095 1184 2179 loquor,
1220 2098 1337 2159 aut
1371 2095 1691 2160 iustitiam
1728 2100 1842 2160 aut
1879 2096 2235 2161 amicitiam

206 2185 478 2265 propter
523 2181 842 2247 utilitates
889 2183 1162 2247 adscisci
1207 2186 1323 2247 aut
1363 2183 1645 2267 probari.
1728 2183 2012 2250 Eaedem
2058 2184 2234 2249 enim

207 2270 532 2334 utilitates
586 2273 894 2354 poterunt
961 2292 1069 2335 eas
1132 2270 1529 2336 labefactare
1593 2274 1787 2356 atque
1849 2275 2232 2355 pervertere.

205 2357 477 2424 Etenim
514 2379 632 2423 nec
666 2357 923 2422 iustitia
956 2379 1075 2423 nec
1109 2358 1397 2423 amicitia
1434 2380 1574 2424 esse
1610 2359 1871 2424 omnino
1908 2363 2233 2443 poterunt,

131 2468 180 2510 25
205 2445 340 2510 nisi
403 2446 589 2529 ipsae
650 2467 766 2529 per
821 2468 890 2511 se
947 2449 1347 2529 expetuntur.
1443 2445 1553 2511 Ius
1610 2450 1855 2531 autem,
1916 2446 2085 2530 quod
2138 2447 2233 2510 ita
2270 2458 2333 2509 ‘11

207 2534 335 2598 dici
392 2534 836 2618 appellarique
888 2534 1126 2617 possit,
1188 2534 1256 2598 id
1314 2555 1455 2599 esse
1506 2537 1767 2617 natura,
1826 2534 2233 2617 alienumque

206 2642 352 2686 esse
398 2644 443 2685 a
487 2621 779 2705 sapiente
821 2642 956 2687 non
994 2621 1184 2686 modo
1229 2622 1535 2687 iniuriam
1578 2622 1682 2686 cui
1726 2621 1962 2705 facere,
2006 2642 2234 2686 verum

205 2709 413 2774 etiam
457 2730 709 2774 nocere.
798 2708 936 2775 Nec
989 2730 1141 2774 vero
1197 2714 1444 2775 rectum
1474 2713 1601 2774 ⁴est
1662 2731 1806 2773 cum
1854 2709 2075 2774 amicis
2122 2713 2237 2775 aut

204 2796 373 2862 bene
458 2797 707 2862 meritis
791 2798 1162 2862 consociare
1250 2801 1365 2863 aut
1436 2797 1826 2882 coniungere
1907 2798 2235 2883 iniuriam,

36 2950 38 2975 Ι
123 2908 177 2949 so
206 2884 722 2968 gravissimeque
761 2888 828 2950 et
862 2885 1195 2951 verissime
1233 2884 1597 2950 defenditur
1627 2906 1981 2970 numquam
2019 2888 2233 2971 aequi-

202 2975 416 3036 tatem
463 2973 547 3037 ab
582 2973 868 3037 utilitate
911 2994 1104 3057 posse
1146 2973 1427 3059 seiungi,
1472 2976 1564 3057 et,
1609 2973 1909 3059 quicquid
1957 2995 2233 3059 aequum

202 3060 580 3144 iustumque
663 3064 864 3145 esset,
951 3061 1019 3125 id
1090 3062 1287 3125 etiam
1374 3061 1722 3127 honestum
1800 3062 2234 3147 vicissimque,

204 3148 517 3233 quicquid
606 3152 778 3213 esset
853 3148 1227 3232 honestum,
1305 3148 1374 3213 id
1442 3149 1685 3215 iustum
1766 3150 1966 3215 etiam
2038 3154 2233 3236 atque

205 3256 490 3320 aequum
542 3236 700 3301 fore.
799 3235 902 3301 Ad
959 3258 1192 3322 easque
1249 3237 1548 3320 virtutes,
1601 3238 1681 3301 de
1735 3238 1967 3322 quibus
2016 3238 2231 3321 dispu-
2270 3249 2336 3299 72

123 3346 176 3387 35
204 3326 426 3389 tatum
473 3326 599 3407 est,
656 3323 1059 3389 dialecticam
1114 3325 1312 3389 etiam
1358 3324 1721 3410 adiungunt
1766 3329 1831 3389 et
1872 3325 2234 3410 physicam,
2412 3332 2417 3336 ’

203 3432 446 3496 easque
511 3410 736 3476 ambas
799 3412 1112 3476 virtutum
1176 3412 1439 3477 nomine
1514 3412 1870 3498 appellant,
1943 3413 2233 3495 alteram,

201 3499 383 3583 quod
426 3499 670 3564 habeat
713 3500 1066 3584 rationem,
1107 3521 1190 3564 ne
1236 3500 1341 3564 cui
1384 3499 1553 3564 falso
1604 3500 2034 3565 assentiamur
2067 3518 2230 3562 neve
