2609 3884
18 1228 20 1291 ι

18 1316 22 1411 g

685 170 819 226 LIB.
857 170 925 229 V.
982 170 1136 225 CAP.
1179 176 1422 226 17—19.
1461 176 1491 237 ἓ
1529 176 1775 227 47—60.
2111 173 2241 237 257

227 353 399 416 eam,
459 352 652 415 quam
707 352 784 396 ex
838 331 1138 397 discendo
1194 331 1481 415 capiant,
1535 332 1979 417 voluptatem?
2078 333 2245 399 Mihi
2281 346 2353 396 49

228 420 492 503 quidem
536 417 860 485 Homerus
904 418 1097 485 huius
1142 420 1321 485 modi
1367 420 1671 503 quiddam
1713 421 1950 486 vidisse
1992 422 2247 487 videtur

226 510 294 571 in
329 507 432 591 iis,
480 528 642 591 quae
681 508 758 572 de
798 504 1092 571 Sirenum
1131 508 1431 573 cantibus
1468 508 1742 573 finxerit.
1812 507 2037 593 Neque
2075 512 2245 575 enim

226 616 458 660 vocum
523 595 842 660 suavitate
906 596 1205 660 videntur
1278 598 1396 660 aut
1468 596 1760 661 novitate
1832 597 2108 681 quadam
2181 601 2247 662 et

173 709 202 750 ⁶
225 683 544 747 varietate
599 683 907 748 cantandi
960 704 1263 748 revocare
1320 704 1428 748 eos
1484 685 1742 769 solitae,
1797 684 1906 768 qui
1960 688 2243 769 praeter-

227 769 655 853 vehebantur‚
703 771 813 836 sed
858 772 1010 855 quia
1053 772 1260 837 multa
1305 793 1374 836 se
1421 772 1584 836 scire
1628 772 2126 856 profitebantur,
2170 776 2245 838 ut

226 857 522 923 homines
585 859 667 923 ad
712 880 933 923 earum
979 880 1137 923 saxa
1196 859 1481 924 discendi
1534 860 1886 943 cupiditate
1942 861 2243 925 adhaere-

226 950 500 1011 scerent.
553 946 658 1011 Ita
686 947 861 1013 enim
898 947 1186 1012 invitant
1219 946 1479 1012 Ulixem
1516 944 1696 1033 (nam
1724 948 1909 1032 verti,
1944 952 2019 1014 ut
2054 970 2244 1035 quae-

224 1033 377 1098 dam
423 1033 722 1119 Homeri,
768 1035 860 1100 sic
904 1035 1104 1100 istum
1150 1036 1365 1118 ipsum
1408 1033 1675 1123 locum):

148 1186 198 1225 ιο
360 1155 417 1221 O
489 1157 716 1223 decus
783 1157 1262 1243 Argolicum,
1326 1158 1509 1241 quin
1571 1160 1887 1243 puppim
1947 1159 2246 1246 flectis,

1767 1246 2068 1332 Ulixes,

355 1331 694 1398 Auribus
731 1336 816 1398 ut
849 1336 1159 1399 nostros
1195 1333 1455 1417 possis
1493 1356 1915 1421 agnoscere
1948 1338 2244 1403 cantus!

354 1419 551 1486 Nam
612 1443 829 1487 nemo
896 1421 1084 1487 haec
1145 1442 1498 1507 umquam
1567 1426 1685 1487 est
1748 1426 2243 1489 transvectus

1460 1510 1771 1575 caerula
1814 1532 2067 1594 cursu,

358 1595 2243 1683 Quinpriusadstiteritvocumdulcedinecaptus,

353 1682 546 1750 Post
593 1684 827 1749 variis
874 1684 1098 1750 avido
1148 1684 1488 1749 satiatus
1532 1688 1849 1769 pectore
1896 1688 2137 1751 musis

142 1798 194 1840 ιο
355 1771 688 1838 Doctior
735 1772 825 1836 ad
869 1772 1168 1856 patrias
1214 1772 1485 1856 lapsus
1542 1774 1991 1856 pervenerit
2051 1796 2241 1840 oras.

353 1858 516 1926 Nos
571 1880 804 1945 grave
849 1863 1236 1925 certamen
1299 1860 1489 1925 belli
1536 1860 1980 1946 clademque
2024 1865 2241 1927 tene-

1876 1970 2062 2033 mus,

359 2034 682 2101 Graecia
731 2056 950 2120 quam
1000 2036 1273 2101 Troiae
1324 2035 1590 2101 divino
1643 2037 1952 2101 numine
2005 2039 2242 2123 vexit,

357 2122 777 2208 Omniaque
824 2145 859 2187 e
903 2122 1093 2187 latis
1137 2145 1389 2188 rerum
1434 2124 1777 2210 vestigia
1818 2126 2073 2193 terris.

220 2262 408 2331 Vidit
466 2263 791 2330 Homerus
843 2263 1108 2349 probari
1158 2263 1450 2329 fabulam
1504 2285 1637 2329 non
1692 2287 1914 2349 posse,
1982 2266 2041 2331 si
2096 2288 2240 2332 can-

143 2379 198 2419 no
222 2353 530 2417 tiunculis
565 2354 784 2417 tantus
821 2351 922 2417 vir
954 2351 1243 2416 irretitus
1278 2357 1630 2438 teneretur3
1680 2354 2019 2419 scientiam
2055 2355 2241 2438 polli-

221 2444 475 2524 centur,
509 2461 704 2526 quam
741 2461 875 2505 non
911 2443 1054 2504 erat
1085 2439 1327 2505 mirum
1365 2440 1719 2523 sapientiae
1756 2441 1986 2525 cupido
2027 2443 2241 2525 patria

220 2548 344 2594 esse
388 2529 719 2593 cariorem.
808 2527 1024 2612 Atque
1071 2527 1290 2591 omnia
1337 2527 1594 2611 quidem
1642 2529 1833 2612 scire,
1888 2529 2239 2593 cuiuscum-

222 2638 344 2701 que
390 2615 567 2682 modi
604 2616 762 2699 sint,
811 2637 1039 2699 cupere
1077 2615 1503 2699 curiosorum,
1547 2615 1696 2680 duci
1732 2637 1883 2681 vero
1922 2616 2241 2681 maiorum

221 2726 435 2769 rerum
487 2703 1031 2787 contemplatione
1088 2703 1168 2767 ad
1223 2702 1641 2786 cupiditatem
1696 2703 2007 2769 scientiae
2069 2726 2239 2769 sum·

143 2817 196 2858 2⁶
223 2813 479 2857 morum
522 2791 810 2856 virorum
856 2795 955 2856 est
996 2790 1373 2874 putandum.
2225 2848 2298 2909 ,1
2305 2845 2344 2909 9

353 2879 561 2956 Quem
588 2879 760 2943 enim
800 2880 1093 2944 ardorem
1131 2878 1326 2943 studii
1365 2879 1640 2943 censetis
1678 2877 1875 2943 fuisse
1911 2879 1981 2943 in
2008 2880 2239 2945 Archi·
2278 2922 2345 2972 50

221 2968 426 3050 mede,
468 2967 579 3050 qui
617 2966 768 3031 dum
802 2967 874 3031 in
908 2968 1172 3051 pulvere
1207 2967 1525 3050 quaedam
1563 2966 1870 3031 describit
1907 2968 2239 3053 attentiuS,

220 3077 302 3121 ne
364 3054 646 3139 patriam
709 3054 965 3139 quidem
1028 3058 1285 3137 captam
1343 3075 1484 3119 esse
1548 3055 1865 3120 senserit?
1930 3060 2240 3140 quantum

221 3142 596 3207 Aristoxeni
629 3142 961 3228 ingenium
997 3145 1450 3225 consumptum
1486 3141 1777 3208 videmus
1822 3143 1893 3208 in
1928 3143 2239 3210 musicis?

144 3256 197 3295 ao
223 3252 348 3314 quo
397 3229 610 3295 studio
655 3229 1168 3313 Aristophanem
1210 3233 1515 3313 putamus
1556 3233 1837 3295 aetatem
1881 3230 1951 3295 in
1996 3231 2238 3296 litteris

225 3315 522 3383 duxisse?
623 3316 790 3394 Quid
848 3318 924 3382 de
978 3316 1395 3401 Pythagora?
1452 3318 1602 3403 quid
1661 3317 1738 3383 de
1792 3317 2065 3384 Platone
2126 3323 2240 3383 aut

223 3406 302 3470 de
338 3404 712 3471 Democrito
757 3404 1030 3489 loquar?
1077 3426 1116 3469 a
1162 3404 1392 3487 quibus
1427 3408 1693 3488 prepter
1726 3405 2015 3470 discendi
2062 3406 2237 3488 cupi-

221 3492 490 3558 ditatem
527 3493 816 3558 videmus
852 3493 1117 3558 ultimas
1163 3495 1370 3557 terras
1409 3514 1549 3557 esse
1584 3496 1983 3577 peragratas.
2057 3491 2235 3567 Quae

324 3604 543 3648 010.1v.
581 3608 618 3649 ι.
1848 3598 1911 3649 17
