2609 3884
261 1007 326 1057 12

264 2320 326 2369 13

362 124 494 187 206
692 122 790 177 DE
826 120 1114 176 FINIBUS
1149 119 1513 177 BONORUM
1546 121 1643 176 ET
1679 119 2048 177 MALORUM

363 307 620 369 causas,
665 305 790 368 quo
827 282 1018 347 modo
1056 281 1338 367 Epicuro
1378 280 1661 365 videtur,
1704 284 1779 345 ut
1821 281 2110 365 pellatur
2148 283 2381 347 mortis

363 378 431 439 et
486 371 821 457 religionis
885 374 1123 453 metus,
1189 370 1300 434 sed
1355 370 1552 434 etiam
1607 369 1994 435 modestiam
2058 371 2384 455 quandam

363 461 652 546 cognitio
727 480 942 524 rerum
1025 457 1399 523 caelestium
1475 457 1664 522 affert
1735 457 1845 542 iis,
1918 458 2029 541 qui
2100 458 2384 542 videant,

366 552 609 635 quanta
653 547 742 613 sit
788 546 985 611 etiam
1032 545 1200 629 apud
1245 546 1399 610 deos
1447 545 1830 629 moderatio,
1876 550 2155 630 quantus
2202 545 2385 630 ord0,

365 640 432 701 et
476 634 991 721 magnitudinem
1029 633 1228 697 animi
1274 633 1541 698 deorum
1578 654 1778 717 opera
1814 636 1879 697 et
1912 633 2087 699 facta
2122 654 2383 699 cernen-
2413 658 2446 701 5

364 724 569 807 tibus,
623 722 940 789 iustitiam
997 722 1222 803 etiam,
1278 742 1422 785 eum
1477 721 1811 804 cognitum
1872 720 2147 805 habeaS,
2212 721 2387 805 quod

365 813 452 877 sit
497 811 734 876 summi
778 810 1047 875 rectoris
1095 830 1170 874 ac
1216 808 1461 873 domini
1504 830 1769 890 numen,
1817 809 1986 893 quod
2023 810 2386 893 consilium,

366 921 528 984 quae
573 899 904 981 voluntas3
954 897 1134 961 cuius
1183 895 1264 959 ad
1308 899 1609 961 naturam
1654 900 1811 981 apta
1852 897 2021 962 ratio
2067 918 2222 962 vera
2266 898 2386 963 illa

367 992 432 1053 et
478 1008 731 1052 summa
774 985 879 1049 lex
925 1006 965 1049 a
1007 983 1416 1067 philosophis
1463 984 1714 1049 dicitur.
1810 982 1993 1050 Inest
2044 985 2115 1051 in
2158 985 2385 1051 eadem

367 1073 792 1160 explicatione
837 1076 1106 1137 naturae
1141 1072 1532 1137 insatiabilis
1570 1072 1884 1157 quaedam
1920 1094 1955 1139 e
1992 1092 2385 1158 cognoscen-
2415 1102 2476 1142 ιο
2596 1116 2598 1163 1

368 1163 467 1227 dis
511 1162 704 1227 rebus
749 1161 1074 1245 voluptas,
1119 1159 1191 1224 in
1233 1181 1363 1243 qua
1405 1182 1535 1224 una
1580 1160 1886 1225 confectis
1928 1162 2121 1227 rebus
2166 1183 2383 1231 necea-

367 1250 555 1314 sariis
609 1249 795 1316 vacui
845 1247 1129 1333 negotiis
1182 1247 1457 1312 honeste
1511 1269 1589 1313 ac
1642 1248 1998 1314 liberaliter
2052 1250 2383 1334 possimus

364 1339 595 1403 vivere.
691 1336 872 1421 Ergo
931 1336 1003 1401 in
1061 1335 1185 1401 hac
1237 1336 1491 1401 ratione
1553 1338 1696 1401 tota
1759 1336 1837 1400 de
1890 1338 2192 1402 maximis
2244 1337 2385 1402 fere

364 1426 558 1490 rebus
623 1422 828 1489 Stoici
899 1424 1052 1489 illos
1117 1424 1322 1488 secuti
1386 1425 1561 1507 sunt,
1624 1428 1701 1488 ut
1764 1428 1831 1488 et
1891 1424 2043 1489 deos
2111 1446 2251 1491 esse
2316 1429 2384 1491 et

365 1516 672 1599 quattuor
745 1534 822 1576 ex
893 1512 1085 1576 rebus
1159 1512 1379 1576 omnia
1441 1514 1738 1576 constare
1806 1511 2110 1577 dicerent.
2216 1511 2382 1579 Cum
2412 1540 2472 1581 15
2598 1538 2600 1603 j

366 1605 584 1666 autem
629 1603 1040 1686 quaereretur
1076 1620 1177 1663 res
1215 1597 1561 1663 admodum
1606 1598 1918 1685 difficilis,
1961 1622 2117 1666 num
2154 1601 2383 1684 quinta

363 1688 678 1773 quaedam
731 1691 968 1753 natura
1019 1686 1343 1751 videretur
1400 1708 1565 1769 esse,
1621 1708 1700 1751 ex
1755 1709 1883 1772 qua
1935 1689 2105 1753 ratio
2163 1692 2230 1753 et
2286 1689 2383 1753 in-

362 1776 744 1861 tellegentia
807 1776 1111 1857 oriretur,
1173 1774 1245 1838 in
1306 1796 1432 1858 quo
1488 1774 1686 1839 etiam
1739 1775 1819 1839 de
1874 1776 2137 1860 animis,
2199 1776 2382 1841 cuius

365 1864 620 1949 generis
659 1866 903 1945 essent,
950 1865 1391 1947 quaereretur,
1438 1860 1611 1926 Zeno
1648 1862 1716 1926 id
1754 1863 1917 1927 dixit
1965 1884 2103 1928 esse
2147 1864 2384 1948 ignem,

362 1973 496 2016 non
555 1951 736 2016 nulla
798 1950 1024 2014 deinde
1089 1949 1304 2033 aliter,
1368 1948 1479 2013 sed
1543 1971 1621 2013 ea
1679 1972 1913 2037 pauca3
1968 1950 2046 2015 de
2099 1952 2383 2017 maxima
2411 1980 2467 2021 ιο

366 2042 580 2104 autem
633 2059 703 2102 re
761 2038 983 2102 eodem
1050 2036 1270 2120 modo,
1328 2036 1548 2101 divina
1609 2042 1825 2102 mente
1888 2042 2081 2123 atque
2144 2042 2384 2105 natura

363 2125 672 2189 mundum
738 2125 1112 2189 universum
1170 2127 1367 2208 atque
1424 2125 1560 2189 eius
1622 2126 1937 2191 maximas
1999 2128 2208 2211 partis
2273 2128 2382 2194 ad-

365 2212 740 2277 ministrari.
810 2210 1156 2276 Materiam
1191 2233 1343 2277 vero
1380 2234 1593 2277 rerum
1629 2217 1695 2278 et
1738 2214 1995 2297 copiam
2041 2215 2214 2301 apud
2258 2215 2381 2281 hos

367 2301 628 2378 exilem,
701 2299 870 2383 apud
940 2298 1091 2364 illos
1172 2299 1566 2375 uberrimam
1636 2303 2047 2385 reperiemuS.
2174 2302 2383 2379 Quam

365 2388 576 2453 multa
631 2386 712 2451 ab
767 2386 850 2451 iis
906 2386 1273 2472 conquisita
1326 2390 1392 2451 et
1446 2388 1721 2453 collecta
1765 2394 1915 2455 sunt
1971 2389 2049 2454 de
2095 2391 2383 2457 omnium
2411 2418 2467 2459 25

365 2476 792 2541 animantium
846 2495 1105 2559 genere,
1163 2479 1337 2559 ortu,
1391 2478 1726 2560 membriS,
1782 2476 2133 2543 aetatibus!
2187 2502 2384 2565 quam

364 2565 571 2630 multa
633 2563 712 2628 de
773 2564 968 2628 rebus
1025 2562 1107 2628 iis
1118 2612 1136 2642 ,
1200 2585 1363 2648 quae
1416 2565 1775 2650 gignuntur
1830 2587 1865 2629 e
1923 2568 2120 2631 terra!
2186 2590 2385 2653 quam

363 2652 607 2717 multae
654 2672 971 2737 quamque
1018 2649 1096 2715 de
1141 2650 1340 2716 variis
1385 2652 1578 2717 rebus
1626 2657 1692 2717 εὴ
1735 2674 1993 2737 causae,
2040 2675 2154 2719 cur
2198 2655 2382 2740 quid-

365 2761 488 2823 que
531 2740 672 2822 fiat,
724 2742 790 2803 et
834 2739 1444 2823 demonstrationes,
1499 2761 1689 2824 quem
1744 2741 1828 2806 ad
1881 2741 2144 2806 modum
2202 2742 2383 2827 quid-

366 2847 487 2909 que
548 2827 688 2890 fiat!
754 2848 880 2911 qua
942 2849 1022 2891 ex
1087 2828 1263 2891 omni
1325 2828 1513 2912 copia
1564 2828 1847 2913 plurima
1902 2834 1969 2894 et
2022 2830 2385 2896 certissima
2410 2857 2466 2897 so

365 2916 752 2996 argumenta
797 2916 1136 2977 sumuntur
1182 2914 1264 2978 ad
1315 2915 1621 3000 cuiusque
1674 2916 1771 2981 rei
1829 2920 2130 2981 naturam
2184 2918 2385 3002 expli·

363 3000 650 3064 candam.
755 2998 936 3083 Ergo
1003 3000 1236 3085 adhuc,
1310 3006 1621 3086 quantum
1688 3003 1982 3087 equidem
2052 3005 2385 3091 intellego,

364 3108 557 3151 causa
593 3108 724 3151 non
760 3087 1011 3152 videtur
1055 3088 1255 3152 fuisse
1290 3089 1585 3155 mutandi
1619 3091 1920 3157 nominiS.
1992 3089 2147 3157 Non
2193 3095 2385 3179 enim,

365 3176 420 3238 si
458 3175 678 3239 omnia
712 3195 847 3238 non
884 3176 1296 3259 sequebatur,
1342 3176 1581 3242 idcirco
1620 3200 1751 3243 non
1787 3183 1929 3245 erat
1968 3183 2147 3245 ortus
2184 3181 2385 3247 illinc.

360 3261 683 3346 Equidem
738 3262 936 3326 etiam
989 3261 1373 3347 Epicurum,
1438 3265 1509 3330 in
1560 3264 1849 3350 physicis
1906 3267 2192 3350 quidem,
2256 3268 2383 3335 De·
2412 3296 2463 3337 ss

362 3350 741 3414 mocriteum
794 3353 976 3433 puto.
1072 3349 1288 3415 Pauca
1342 3355 1583 3436 mutat,
1647 3354 1751 3418 vel
1813 3354 2004 3437 plura
2043 3377 2249 3441 ·sane;
2316 3362 2387 3422 at

365 3457 508 3501 cum
555 3436 632 3500 de
673 3436 975 3520 plurimis
1022 3438 1244 3503 eadem
1287 3438 1472 3524 dicit,
1527 3443 1667 3507 tum
1713 3446 1886 3507 certe
1938 3442 2019 3509 de
2063 3444 2384 3511 maximis.
