2609 3884
684 143 818 202 LIB.
853 144 898 203 Ῑ.
954 145 1109 204 GAP.
1150 152 1247 216 18,
1285 153 1371 207 19.
1425 153 1458 215 ἓ
1494 153 1722 205 57-63
2095 154 2222 218 115

192 305 433 371 minuti
490 311 559 372 et
612 307 873 393 angusti
918 311 1033 373 aut
1077 310 1296 374 omnia
1350 333 1606 394 semper
1650 311 2063 395 desperantes
2109 319 2223 381 aut

190 395 531 479 malevoli,
576 395 807 480 invidi,
852 396 1178 481 difficiles,
1235 397 1533 484 lucifugi,
1585 400 1910 484 maledici,
1955 403 2222 487 morosi,

188 482 303 548 alii
381 487 603 549 autem
675 485 873 550 etiam
946 485 1281 551 amatoriis
1357 487 1735 553 levitatibus
1805 489 2033 574 dediti,
2105 491 2221 556 alii

187 571 587 656 petulantes,
634 572 749 637 alii
786 572 1088 657 audaces,
1130 575 1444 659 protervi,
1484 575 1678 641 iidem
1713 576 2218 661 intemperantes

144 679 170 721 5
188 663 258 724 et
315 660 567 745 ignavi,
618 683 969 746 numquam
1020 662 1094 726 in
1147 663 1475 728 sententia
1526 668 2005 749 permanentes„
2060 687 2219 750 quas

188 748 274 813 ob
342 769 571 814 causas
636 749 707 814 in
759 770 982 815 eorum
1036 750 1174 816 vita
1224 750 1411 816 nulla
1463 755 1565 817 est
1615 753 2027 838 intercapedo
2081 774 2218 819 mo-

184 836 439 901 lestiae.
562 836 777 922 Igitur
852 859 1065 922 neque
1146 839 1500 904 stultorum
1571 841 1913 926 quisquam
1983 842 2217 907 beatus

184 945 399 1009 neque
456 925 847 1010 sapientium
898 947 1032 991 non
1083 927 1330 993 beatus.
1431 926 1768 1012 Multoque
1813 928 1940 994 hoc
1983 930 2216 996 melius

184 1034 313 1080 nos
379 1013 722 1098 veriusque
784 1036 978 1100 quam
1043 1012 1264 1081 Stoici.
1370 1014 1480 1081 Illi
1534 1018 1707 1082 enim
1768 1021 2016 1103 negant
2075 1039 2216 1084 esse

126 1123 173 1163 ιο
185 1101 437 1167 bonum
499 1103 845 1188 quicquam
912 1103 1043 1168 nisi
1103 1104 1320 1168 nescio
1386 1126 1580 1190 quam
1642 1105 1830 1170 illam
1899 1105 2218 1192 umbram,

187 1188 365 1273 quod
401 1190 734 1274 appellant
768 1190 1113 1257 honestum
1158 1213 1293 1257 non
1336 1194 1476 1257 tam
1523 1192 1734 1259 solido
1772 1215 1968 1279 quam
2004 1195 2218 1278 splen·

186 1277 341 1344 dido
418 1279 707 1362 nomin03
777 1278 1088 1346 virtutem
1160 1283 1380 1345 autem
1449 1280 1669 1345 nixam
1742 1281 1870 1347 hoc
1939 1281 2215 1348 honesto

182 1367 437 1432 nullam
470 1367 796 1452 requirere
833 1368 1239 1451 voluptatem
1275 1371 1470 1453 atque
1507 1369 1589 1433 ad
1635 1369 1826 1435 beate
1870 1369 2217 1436 vivendum

186 1476 257 1520 se
303 1455 453 1538 ipsa
499 1477 640 1521 esse
688 1458 1081 1521 contentam.
2238 1509 2320 1573 19

118 1566 167 1606 ιε
325 1541 455 1609 Sed
504 1547 783 1627 possunt
823 1543 987 1609 haec
1039 1543 1320 1628 quadam
1364 1545 1618 1611 ratione
1663 1545 1790 1610 dici
1842 1567 1976 1612 non
2018 1546 2212 1612 modo
2253 1586 2324 1636 62

184 1653 323 1697 non
356 1632 900 1717 repugnantibus,
944 1653 1166 1697 verum
1204 1633 1406 1698 etiam
1443 1633 1957 1716 approbantibus
2006 1634 2214 1700 nobis.

186 1717 296 1785 Sic
334 1721 507 1785 enim
544 1721 625 1786 ab
662 1719 943 1804 Epicuro
991 1721 1252 1804 sapiens
1290 1742 1546 1804 semper
1584 1721 1811 1786 beatus
1856 1721 2216 1787 induciturt

184 1807 403 1874 finitas
450 1808 653 1874 habet
689 1808 1106 1893 cupiditates,
1149 1809 1442 1901 neglegit
1485 1812 1788 1892 mortem,
1832 1809 1914 1874 de
1959 1808 2058 1874 dis
2094 1810 2215 1874 im-

187 1897 575 1963 mortalibus
630 1897 771 1962 sine
823 1897 960 1962 ullo
1016 1900 1195 1961 metu
1247 1919 1421 1962 vera·
1460 1897 1684 1980 sentit,
1746 1919 1880 1962 non
1941 1896 2216 1980 dubitat,

122 2007 169 2049 20
188 1986 247 2051 si
308 1987 407 2050 ita
469 1986 703 2051 melius
758 1985 872 2070 sit,
934 1985 1216 2071 migrare
1283 1984 1363 2050 de
1415 1985 1570 2050 vita.
1674 1983 1799 2049 His
1862 1985 2055 2050 rebus
2117 1987 2214 2051 in·

187 2077 473 2139 structus
510 2095 764 2157 semper
808 2076 909 2138 est
942 2073 1015 2138 in
1050 2073 1406 2158 voluptate.
1475 2070 1703 2158 Neque
1739 2074 1914 2139 enim
1958 2078 2215 2159 tempus

186 2166 289 2228 est
348 2162 585 2240 ullum,
650 2183 775 2246 quo
838 2184 970 2227 non
1031 2162 1178 2246 plus
1244 2161 1659 2246 voluptatum
1719 2161 1965 2227 habeat
2022 2184 2215 2249 quam

186 2251 505 2316 dolorum.
600 2249 774 2316 Nam
828 2253 896 2314 et
946 2250 1301 2334 praeterita
1359 2252 1544 2335 grate
1590 2250 1886 2314 meminit
1929 2253 1996 2316 et
2028 2273 2214 2334 prae-

186 2339 484 2404 sentibus
527 2337 625 2403 ita
667 2337 942 2422 potitur,
995 2342 1070 2403 ut
1116 2338 1620 2423 animadvertat,
1670 2341 1914 2422 quanta
1956 2338 2093 2404 sint
2134 2361 2217 2404 ca

122 2448 169 2488 85
189 2448 509 2513 quamque
562 2425 865 2510 iucunda,
917 2447 1123 2510 neque
1180 2427 1420 2509 pendet
1472 2448 1553 2491 ex
1601 2425 1868 2508 futuris,
1933 2425 2046 2490 sed
2110 2447 2214 2490 ex-

186 2517 442 2600 spectat
474 2514 621 2598 illa,
663 2514 901 2580 fruitur
935 2514 1382 2600 praesentibus
1433 2514 1515 2579 ab
1559 2514 1768 2598 iisque
1804 2514 2003 2596 vitiis,
2048 2535 2213 2597 quae

182 2604 380 2689 paulo
438 2606 586 2668 ante
638 2603 890 2688 collegi,
937 2602 1125 2668 abest
1158 2603 1508 2686 plurimum
1547 2605 1628 2685 et,
1677 2623 1823 2667 cum
1864 2601 2213 2667 stultorum

183 2692 389 2758 vitam
450 2712 595 2755 cum
641 2713 759 2756 sua
803 2693 1162 2775 comparat,
1217 2712 1458 2776 magna
1513 2689 1795 2754 afficitur
1849 2689 2211 2776 voluptat03

184 2780 442 2846 dolores
480 2781 699 2844 autem
744 2779 802 2844 si
847 2779 957 2863 qui
1000 2779 1356 2862 incurrunt,
1399 2799 1753 2862 numquam
1788 2777 1920 2842 vim
1956 2781 2212 2843 tantam

118 2890 164 2932 30
183 2868 455 2951 habent,
522 2870 599 2933 ut
647 2889 783 2933 non
833 2867 981 2951 plus
1033 2867 1274 2932 habeat
1336 2867 1622 2951 sapiens,
1684 2866 1854 2951 quod
1918 2866 2213 2951 gaudeat,

186 2979 379 3042 quam
449 2954 622 3040 quod
684 2959 976 3041 angatur.
1084 2954 1343 3038 Optime
1407 2977 1556 3020 vero
1618 2953 1968 3039 Epicurus„
2042 2954 2212 3039 quod
2248 2968 2315 3017 63

185 3045 486 3131 exiguam
522 3043 685 3108 dixit
718 3043 1051 3110 fortunam
1084 3043 1477 3109 intervenire
1513 3042 1818 3127 sapienti,
1865 3043 2209 3108 maximas-

186 3155 309 3218 que
355 3133 439 3198 ab
476 3152 553 3197 eo
590 3135 657 3197 et
691 3130 1110 3218 gravissimas
1147 3152 1251 3196 res
1291 3131 1564 3198 consilio
1601 3131 1810 3215 ipsius
1847 3134 1916 3196 et
1956 3131 2210 3197 ratione

186 3221 654 3305 administrari,
707 3241 915 3305 neque
970 3219 1283 3284 maiorem
1337 3219 1742 3304 voluptatem
1807 3241 1886 3284 ex
1953 3219 2208 3284 infinito

110 3333 159 3375 ³5
182 3313 474 3394 tempore
522 3307 759 3374 aetatis
805 3308 1051 3392 percipi
1094 3315 1312 3392 posse,
1370 3329 1562 3392 quam
1609 3329 1687 3374 ex
1729 3306 1854 3372 hoc
1895 3307 2208 3391 percipia-

182 3402 314 3480 tur,
359 3397 533 3482 quod
576 3395 907 3462 videamus
955 3417 1095 3462 esse
1138 3395 1414 3461 finitum.
1485 3394 1566 3461 In
1601 3395 1943 3460 dialectica
1988 3395 2242 3459 autem'

183 3489 403 3552 vestra
433 3485 683 3551 nullam
720 3483 1113 3550 existimavit
1150 3505 1289 3550 esse
1325 3504 1445 3550 nec
1480 3482 1563 3549 ad
1597 3483 1826 3549 melius
1861 3480 2203 3548 vivendum

1700 3583 1774 3637 8*
