2609 3884
374 119 461 183 62
887 115 1476 172 ACADEMICORUM
1510 115 1845 188 PRIORUM
1891 139 1899 150 ·

376 281 549 346 enim
606 283 682 345 ut
737 280 1025 365 agitator
1088 278 1356 343 callidus
1365 329 1383 362 ‚
1440 279 1621 361 prius
1670 300 1866 362 quam
1912 278 1993 342 ad
2051 279 2248 343 finem
2293 300 2404 344 ve-

374 370 572 451 niam,
619 389 816 453 equos
862 367 1225 452 sustinebo,
1273 388 1476 450 eoque
1523 367 1762 451 magiS‚
1808 366 1865 431 si
1908 367 2089 431 locus
2136 367 2221 450 is,
2270 389 2402 450 quo

374 458 665 522 ferentur
710 457 878 540 equi,
921 476 1231 539 praeceps
1280 455 1420 520 erit.
1503 452 1610 519 Sic
1655 475 1778 538 me,
1821 455 2050 539 inquit,
2097 458 2250 520 ante
2297 476 2403 519 su-

378 545 589 610 stineo
632 563 755 611 nec
799 543 1042 608 diutius
1079 543 1368 628 captiose
1414 542 1844 626 interroganti
1887 542 2263 626 respondem
2329 541 2406 608 Si

374 633 598 715 habes,
643 630 813 716 quod
857 631 1126 715 liqueat,
1169 652 1379 714 neque
1414 631 1783 714 respondes,
1827 631 2128 714 superbe3
2174 631 2230 696 si
2266 652 2408 696 non
2435 655 2470 697 5

375 721 597 801 habes,
642 741 725 784 ne
770 723 845 783 tu
890 718 1150 804 quidem
1192 719 1493 802 percipis.
1583 717 1668 801 Si,
1716 717 1868 803 quia
1913 719 2204 802 obscura,
2249 739 2405 784 con·
2576 719 2577 728 ’

378 809 564 892 cedo;
629 808 742 872 sed
784 828 987 893 negas
1046 810 1113 870 te
1158 808 1362 890 usque
1411 806 1491 871 ad
1538 807 1812 871 obscura
1855 807 2187 891 progredi3
2231 807 2409 871 inlu-

379 897 622 962 stribus
667 896 881 980 igitur.
916 895 1110 960 rebus
1154 894 1423 959 insistis,
1516 892 1587 959 Si
1631 894 1698 958 id
1743 898 2000 978 tantum
2043 895 2263 979 modo,
2326 897 2410 959 ut

376 988 614 1067 taceas,
659 983 827 1048 nihil
873 983 1263 1066 adsequeris.
1356 982 1524 1059 Quid
1547 982 1742 1068 ⁴enim
1787 981 1869 1046 ad
1915 982 2130 1061 illum,
2175 983 2289 1066 qui
2335 986 2408 1047 te

364 1076 638 1156 captare
683 1071 842 1155 vult,
901 1073 1119 1135 utrum
1162 1073 1488 1136 tacentem
1534 1069 1804 1136 inretiat
1845 1073 1937 1152 te,
1999 1092 2083 1134 an
2134 1071 2406 1155 loquen-
2440 1097 2500 1138 ιο

375 1160 557 1225 tem?
649 1157 767 1224 Sin
812 1162 1029 1224 autem
1075 1180 1279 1243 usque
1335 1160 1416 1222 ad
1469 1180 1706 1223 novem
1749 1158 1933 1222 verbi
1992 1159 2207 1242 gratia
2260 1159 2408 1224 sine

378 1248 783 1314 dubitatione
829 1247 1181 1330 respondes
1226 1269 1435 1330 pauca
1481 1267 1647 1329 esse,
1691 1246 1762 1310 in
1805 1245 2074 1312 decumo
2121 1246 2403 1330 insistiS‚

378 1337 577 1401 etiam
615 1358 655 1400 a
686 1335 879 1402 certis
919 1338 985 1399 et
1028 1334 1520 1400 inlustrioribus
1560 1334 1826 1399 cohibes
1855 1335 2230 1419 adsensum3
2272 1334 2410 1399 hoc

377 1425 549 1488 idem
593 1445 697 1488 me
742 1423 815 1487 in
852 1423 1144 1487 obscuris
1186 1422 1401 1488 facere
1435 1444 1570 1488 non
1616 1422 1792 1487 sinis.
1854 1419 2042 1486 Nihil
2085 1422 2289 1506 igitur
2333 1426 2409 1487 te

379 1515 609 1577 contra
652 1512 890 1576 soritas
938 1533 1043 1575 ars
1088 1511 1219 1576 ista
1255 1510 1536 1594 adiuvat,
1582 1531 1765 1594 quae,
1808 1530 1927 1594 nec
1965 1509 2244 1594 augendi
2277 1532 2404 1576 nec
2435 1537 2494 1579 ιε

376 1600 711 1665 minuendi
756 1598 907 1683 quid
954 1601 1070 1663 aut
1111 1598 1394 1683 primum
1441 1598 1529 1663 sit
1574 1601 1686 1662 aut
1728 1602 2148 1682 postremum,
2192 1597 2405 1663 docet.

271 1713 339 1765 95
379 1688 576 1773 Quid,
654 1688 825 1771 quod
903 1687 1125 1756 eadem
1199 1687 1316 1751 illa
1380 1708 1486 1751 ars
1553 1685 1738 1769 quasi
1809 1684 2130 1769 Penelope
2200 1687 2408 1751 telam

377 1780 672 1840 retexens
744 1774 921 1839 tollit
994 1775 1075 1848 ad
1145 1778 1501 1839 extremum
1565 1773 1941 1857 superiora?
2034 1773 2271 1839 Utrum
2328 1795 2412 1839 ea

378 1867 595 1928 vestra
641 1885 724 1927 an
760 1866 987 1927 nostra
1014 1863 1202 1946 culpa
1230 1862 1372 1927 est?
1442 1859 1696 1944 Nempe
1738 1861 2230 1926 fundamentum
2268 1861 2408 1927 dia·-

375 1951 645 2016 lecticae
718 1953 844 2034 est,
917 1949 1226 2033 quidquid
1290 1949 1660 2015 enuntietur
1730 1947 1825 2036 (id
1889 1954 2106 2014 autem
2181 1951 2399 2034 appel·
2433 1982 2494 2022 20

375 2039 520 2103 lant
570 2031 850 2120 ἀξίωμα,
914 2037 1084 2121 quod
1137 2042 1240 2102 est
1292 2038 1479 2121 quasi
1547 2034 1947 2123 ecfatum),
2009 2041 2124 2102 aut
2175 2059 2404 2104 verum

381 2147 522 2190 esse
560 2129 672 2190 aut
698 2126 956 2190 falsum.
1004 2124 1189 2200 -Quid
1225 2125 1470 2210 igitur?
1515 2125 1679 2190 haec
1703 2146 1857 2190 vera
1893 2147 1979 2190 an
2021 2125 2192 2191 falsa
2221 2130 2403 2192 sunt:

380 2212 493 2278 ‘Si
555 2217 631 2278 te
686 2213 998 2278 mentiri
1062 2212 1261 2279 dicis
1322 2213 1550 2298 idque
1593 2234 1850 2278 verum
1910 2212 2402 2296 dicis,.men-

376 2302 558 2366 tiris
603 2321 691 2366 an
734 2323 994 2367 verum
1039 2300 1314 2366 dicis?'
1404 2301 1583 2366 Haec
1629 2302 1876 2367 scilicet
1917 2301 2404 2386 inexplicabilia

379 2412 521 2456 esse
577 2390 805 2456 dicitis,
896 2388 1084 2467 Quod
1130 2392 1230 2454 est
1273 2389 1557 2455 odiosius
1615 2411 1809 2472 quam
1865 2390 2006 2473 illa,
2070 2411 2232 2474 quae
2278 2411 2403 2456 nos
2432 2422 2492 2464 25

272 2494 359 2560 30
379 2501 514 2544 non
595 2478 1059 2562 comprehensa
1139 2482 1204 2542 et
1273 2499 1408 2542 non
1485 2481 1794 2561 percepta
1865 2478 2156 2544 dicimus.
2275 2475 2404 2544 Sed

378 2567 505 2632 hoc
550 2567 808 2652 omitt03
874 2566 1035 2631 illud
1081 2588 1346 2650 quaero:
1437 2562 1508 2630 Si
1552 2565 1682 2630 ista
1726 2566 2034 2649 explicari
2078 2588 2210 2631 non
2254 2588 2407 2650 pos-

378 2659 551 2739 sunt,
594 2676 714 2719 nec
758 2676 978 2720 eorum
1024 2655 1231 2719 ullum
1275 2654 1584 2719 iudicium
1629 2654 1973 2738 invenitur,
2017 2658 2091 2719 ut
2134 2675 2404 2738 respon-

377 2742 530 2807 dere
576 2743 871 2826 possitiS‚
934 2764 1169 2808 verane
1216 2765 1302 2807 an
1346 2742 1536 2822 falsa·
1559 2741 1718 2825 sint,
1780 2742 1892 2806 ubi
1941 2745 2041 2807 est
2085 2742 2204 2806 illa
2249 2743 2403 2808 defi-

374 2829 577 2912 nitio,
650 2831 986 2894 ecfatum
1060 2851 1200 2894 esse
1272 2830 1367 2912 id,
1439 2829 1607 2913 quod
1680 2832 1794 2894 aut
1846 2851 2069 2895 verum
2122 2833 2239 2894 aut
2279 2830 2404 2895 fal·
2430 2862 2494 2904 30

380 2937 524 2980 sum
569 2916 700 2980 sit?
770 2916 990 2981 Rebus
1042 2917 1322 2999 sumptis
1359 2917 1715 3002 'adiungam
1769 2939 1850 2982 ex
1903 2911 1987 2982 iis
2043 2919 2404 3001 sequendas

374 3021 519 3067 esse
549 3003 734 3086 aliem,
777 3005 943 3068 alias
984 3003 1464 3089 improbandas,
1510 3027 1675 3090 quae
1703 3005 1837 3070 sint
1880 3005 1950 3070 in
1985 3025 2217 3090 genere
2255 3028 2406 3072 con-

270 3119 338 3168 96
375 3091 597 3155 trario.
706 3090 848 3166 Quo
922 3091 1114 3156 modo
1187 3092 1388 3178 igitur
1460 3093 1585 3158 hoc
1646 3093 2018 3158 conclusum
2091 3115 2231 3158 esse
2303 3096 2404 3160 iu-

377 3179 580 3243 dicas:
630 3176 742 3243 ‘Si
777 3178 972 3244 dicis
1006 3201 1202 3245 nunc
1247 3181 1508 3246 lucere
1545 3185 1620 3246 et
1653 3202 1914 3245 verum
1953 3180 2175 3265 dicis,
2213 3183 2403 3259 luce&

374 3267 528 3331 dicis
554 3271 955 3332 autemnam
1001 3268 1195 3333 lucere
1236 3274 1295 3333 et
1331 3289 1543 3334 verum
1585 3269 1771 3346 dicis;
1817 3269 2029 3334 lucet
2073 3263 2485 3355 igitur’?35

374 3353 679 3418 Probatis
728 3358 901 3420 certe
962 3376 1165 3441 genus
1213 3360 1280 3421 et
1331 3357 1686 3421 rectissime
1735 3358 2105 3422 conclusum
2165 3358 2405 3445 dicitis,

372 3441 591 3526 itaque
650 3444 723 3508 in
781 3443 1066 3510 docendo
1115 3467 1262 3510 eum
1323 3445 1603 3528 primum
1651 3445 2072 3509 concludendi
2131 3447 2402 3512 modum
