2609 3884
390 165 521 231 392
783 163 1389 220 TUSCULANARUM
1423 161 2028 218 DISPUTATIONUM

389 331 459 394 et
516 327 822 392 instituta
865 328 1332 410 cognoscerent
1373 324 1674 409 regisque
1719 324 1859 388 eius
1905 323 2302 408 aequitatem
2351 324 2416 386 et

391 415 779 501 sapientiam
809 435 849 478 a
884 414 1238 479 maioribus
1276 413 1412 478 suis
1451 412 1871 496 accepissent,
1907 415 2156 496 aetates
2194 414 2416 476 autem

392 508 460 570 et
508 508 807 588 tempora
859 502 1241 586 ignorarent
1293 503 1564 585 propter
1608 500 2026 584 vetustatem,
2079 521 2256 588 eum,
2304 499 2416 584 qui

391 593 714 677 sapientia
750 591 1116 667 excelleret,
1151 589 1570 673 Pythagorae
1607 589 1970 654 auditorem
2004 587 2416 664 crediderunt

312 687 355 751 2
391 681 612 746 fuisse.
700 679 792 744 Et
850 677 929 743 de
974 677 1344 744 coniectura
1388 677 1647 761 quidem
1692 676 2026 742 hactenus.
2114 675 2416 759 Vestigia
2439 700 2463 742 ε

394 772 610 834 autem
636 767 1195 852 Pythagoreorum
1220 787 1613 853 quamquam
1638 765 1848 867 migsta
1875 765 2094 850 colligi
2121 766 2417 848 possunt,

389 858 613 942 paucis
649 859 868 921 tamen
903 857 1174 938 utemur,
1218 853 1527 938 quoniam
1563 874 1698 918 non
1725 853 1801 918 'id
1837 853 2055 937 agitur
2089 852 2216 917 hoc
2251 855 2415 917 tem-

388 967 565 1030 pore.
660 942 835 1009 Nam
889 964 1036 1007 cum
1089 941 1485 1006 carminibus
1541 941 1718 1006 soliti
1771 941 1874 1005 illi
1923 962 2064 1006 esse
2117 940 2419 1005 dicantur

392 1037 459 1098 et
493 1035 841 1117 praecepta
874 1029 1190 1114 quaedam
1226 1029 1542 1094 occultius
1579 1029 1835 1094 tradere
1873 1032 1940 1093 et
1971 1032 2224 1094 mentes
2263 1049 2416 1093 suas

392 1144 433 1186 a
491 1120 961 1204 cogitationum
1019 1117 1382 1183 intentione
1440 1120 1631 1183 cantu
1685 1117 2048 1201 fidibusque
2102 1115 2186 1181 ad
2237 1119 2416 1180 tran-
2442 1143 2486 1183 ιο

392 1207 783 1292 quillitatem
835 1205 1195 1289 traducere,
1248 1205 1691 1290 gravissumus
1739 1208 1965 1271 auctor
2015 1204 2088 1269 in
2131 1203 2318 1290 origi
2372 1204 2416 1250 '-

391 1296 513 1360 bus
569 1294 735 1359 dixit
786 1291 950 1359 Cato
1007 1315 1251 1359 morem
1309 1293 1479 1378 apud
1532 1293 1809 1359 maiores
1857 1293 2030 1358 hunc
2075 1292 2256 1376 epul

388 1383 619 1467 fuisse,
654 1385 729 1448 ut
764 1382 1092 1467 deinceps,
1128 1381 1241 1466 qui
1276 1380 1687 1466 accubarent,
1724 1384 2027 1446 canerent
2063 1380 2147 1445 ad
2181 1379 2417 1445 tibiam

392 1470 716 1538 clarorum
751 1471 1037 1536 virorum
1080 1469 1308 1534 laudes
1347 1473 1542 1554 atque
1586 1470 1880 1534 virtutes.
1947 1467 2052 1533 Ex
2097 1490 2225 1553 quo
2271 1489 2417 1552 per-

392 1560 682 1645 spicuum
748 1562 848 1625 est
904 1562 972 1626 et
1034 1562 1259 1623 cantus
1317 1560 1459 1622 tum
1515 1557 1717 1622 fuisse
1777 1557 2122 1643 discriptos
2184 1578 2418 1622 vocum
2442 1583 2486 1624 15

321 1669 357 1719 4
392 1649 571 1714 sonis
628 1651 695 1713 et
745 1647 1051 1713 carmina.
1149 1645 1558 1730 Quamquam
1618 1645 1686 1710 id
1744 1645 2003 1730 quidem
2057 1645 2259 1710 etiam
2313 1663 2419 1710 ΧΠ

388 1736 653 1803 tabulae
689 1735 1039 1820 declarant,
1074 1733 1261 1799 condi
1296 1735 1429 1799 iam
1463 1736 1606 1798 tum
1641 1734 1910 1798 solitum
1945 1754 2085 1798 esse
2123 1754 2416 1816 carmen3

392 1825 561 1910 quod
614 1845 696 1890 ne
748 1824 976 1888 liceret
1027 1823 1168 1887 fieri
1224 1821 1305 1886 ad
1359 1821 1628 1886 alterius
1683 1821 2016 1906 iniuriam,
2067 1820 2214 1906 lege
2273 1843 2417 1886 san-

387 1916 638 1977 xerunt.
744 1910 883 1977 Nec
949 1932 1102 1976 vero
1164 1909 1326 1974 illud
1388 1931 1522 1975 non
1585 1909 1979 1975 eruditorum
2046 1913 2420 1993 temporum
2568 1959 2569 1994 3

392 2003 846 2086 argumentum
909 2001 1036 2082 est,
1107 1997 1280 2082 quod
1353 2001 1420 2062 et
1491 1996 1758 2063 deorum
1827 1997 2278 2082 pulvinaribus
2354 2001 2421 2062 et
2444 2026 2490 2065 20
2568 2013 2569 2072 j

393 2088 596 2171 epulis
643 2088 1148 2170 magistratuum
1196 2084 1358 2150 fides
1403 2085 1808 2170 praecinunt,
1863 2084 2037 2170 quod
2078 2085 2421 2170 proprium

391 2175 529 2238 eius
582 2173 737 2256 fuit,
801 2172 879 2236 de
935 2195 1063 2256 qua
1114 2174 1372 2256 loquor,
1436 2172 1834 2258 disciplinae.
1931 2172 2097 2238 Mihi
2155 2175 2420 2258 quidem

393 2261 585 2326 etiam
614 2261 816 2344 Appii
845 2257 1037 2326 anci
1064 2281 1342 2344 carmen,
1377 2260 1550 2344 quod
1585 2261 1773 2326 valde
1797 2261 2146 2345 Panaetius
2185 2263 2421 2328 laudat

392 2349 675 2434 epistula
721 2347 1025 2432 quadam,
1079 2369 1242 2432 quae
1297 2351 1398 2413 est
1444 2348 1525 2414 ad
1569 2349 1644 2426 Q.
1687 2350 2116 2429 Tuberonem,
2170 2349 2420 2434 Pytha-

390 2459 663 2524 goreum
698 2436 970 2502 videtur.
1032 2435 1247 2502 Multa
1282 2436 1482 2502 etiam
1518 2442 1675 2506 sunt
1707 2438 1780 2503 in
1813 2437 2056 2505 nostris
2091 2437 2420 2504 institutis
2447 2463 2491 2506 2⁵

391 2528 587 2593 ducta
631 2525 713 2592 ab
758 2525 919 2610 illis3
966 2545 1131 2610 quae
1167 2529 1502 2609 praetereo
1509 2575 1529 2610 ,
1573 2547 1656 2591 ne
1703 2547 1805 2610 ea,
1851 2547 2015 2611 quae
2049 2527 2421 2610 repperisse

322 2635 355 2686 5
391 2615 522 2701 ipsi
564 2619 896 2701 putamur,
951 2613 1205 2679 aliunde
1262 2613 1561 2679 didicisse
1605 2614 1954 2680 videamur.
2041 2611 2169 2678 Sed
2212 2617 2290 2680 ut
2337 2616 2422 2680 ad

389 2705 797 2788 propositum
848 2702 1074 2768 redeat
1127 2703 1364 2786 oratic,
1418 2724 1613 2787 quam
1665 2703 1850 2768 brevi
1901 2707 2194 2786 tempore
2257 2708 2423 2788 quot

392 2796 459 2856 et
495 2793 722 2875 quanti
758 2795 1016 2877 poetae,
1062 2791 1174 2877 qui
1210 2794 1430 2856 autem
1466 2793 1758 2856 oratores
1795 2791 2174 2858 extiterunt!
2217 2789 2420 2857 facile

391 2881 465 2942 ut
518 2883 831 2962 appareat
880 2883 1141 2945 nostros
1199 2879 1416 2946 omnia
1469 2879 1774 2964 consequi
1831 2879 2151 2962 potuisse,
2213 2879 2416 2946 simul
2442 2907 2493 2947 ω

390 2968 467 3031 ut
510 2965 677 3030 velle
723 2966 1105 3050 coepissent.

312 3059 355 3124 3
527 3050 653 3117 Sed
690 3052 768 3116 de
806 3055 1037 3118 ceteris
1074 3054 1305 3119 studiis
1345 3054 1473 3120 alio
1507 3054 1655 3120 loco
1693 3057 1760 3119 et
1805 3053 2118 3139 dicemus,
2162 3053 2222 3118 si
2256 3077 2418 3121 usus

389 3141 615 3223 fuerit,
662 3143 728 3204 et
771 3161 963 3223 saepe
1008 3141 1305 3207 diximus.
1380 3141 1748 3227 Sapientiae
1792 3143 2078 3207 studium
2123 3145 2312 3208 vetus
2349 3144 2420 3209 id

391 3228 650 3314 quidem
694 3227 766 3292 in
805 3228 1076 3312 nostris,
1132 3230 1245 3295 sed
1301 3233 1522 3295 tamen
1567 3233 1718 3295 ante
1761 3229 1974 3295 Laelii
2019 3233 2304 3296 aetatem
2349 3235 2419 3296 et

391 3315 711 3399 Scipionis
738 3336 872 3380 non
896 3316 1149 3397 reperio
1186 3338 1348 3400 quos
1377 3318 1700 3401 appellare
1726 3319 1976 3401 possim
2002 3319 2414 3384 nominatim.
2439 3346 2496 3387 as

391 3403 639 3479 Quibus
683 3401 1200 3467 adulescentibus
1248 3401 1539 3470 Stoicum
1583 3404 1923 3489 Diogenen
1970 3409 2037 3470 et
2072 3405 2415 3472 Academi-

392 3509 538 3554 cum
592 3487 987 3554 Carneadem
1040 3488 1227 3554 video
1284 3489 1366 3554 ad
1422 3495 1715 3556 senatum
1771 3493 1854 3558 ab
1901 3491 2413 3560 Atheniensibus
