2609 3884
697 178 831 236 LIB.
870 179 939 234 II.
997 179 1149 234 CAP.
1189 185 1399 235 9—11.
1448 185 1476 246 ὅ
1515 185 1756 234 22-α-26.
2108 181 2239 244 337

296 340 760 426 Clangorem
804 341 1068 407 fundit
1103 342 1407 407 vastum
1446 345 1519 406 et
1556 341 1880 407 sublime
1919 341 2237 409 avolans

295 429 636 495 Pinnata
681 429 918 495 cauda
960 432 1313 496 nostrum
1362 429 1629 494 adulat
1675 429 2149 514 sanguinem.

298 516 483 583 Cum
523 520 703 583 vero
743 518 1051 584 adesum
1099 518 1391 583 inflatu
1427 521 1964 584 renovatumst
2003 519 2237 602 iecur,

295 605 481 670 'I'um
507 610 811 671 rursum
838 610 1136 672 taetros
1167 607 1393 671 avida
1421 628 1499 670 se
1542 606 1631 671 ad
1664 611 1937 690 pastus
1974 606 2249 670 refert.

150 718 180 759 5
300 691 426 758 Sic
471 693 668 759 hanc
714 695 1120 760 custodem
1165 695 1445 760 maesti
1491 695 1879 760 cruciatus
1928 695 2075 779 a10,

302 780 510 858 Quae
555 787 669 848 me
711 783 1034 867 perenni
1081 781 1335 849 vivum
1380 782 1645 849 foedat
1688 781 2023 849 miseria.

298 869 671 954 Namque,
714 873 800 934 ut
836 871 1150 955 videtis,
1185 869 1472 936 vinclis
1512 872 1987 936 constrictus
2022 870 2235 936 Iovis

298 956 589 1023 Arcere
633 979 926 1042 nequeo
977 957 1216 1024 diram
1262 959 1646 1024 volucrem
1693 980 1733 1024 a
1775 953 2111 1045 pe'ctore.

302 1043 426 1110 Sic
472 1067 584 1110 me
628 1044 797 1129 ipse
841 1046 1113 1111 viduus
1158 1047 1419 1132 pestes
1470 1047 1767 1132 excipio
1815 1048 2083 1116 anxias
2272 1069 2341 1120 25

127 1159 180 1199 ιο
297 1133 577 1199 Α111610
624 1134 898 1200 mortis
945 1135 1357 1200 terminum
1405 1135 1814 1220 anquirens
1861 1135 2071 1220 mali,

299 1219 444 1287 Sed
488 1222 722 1306 longe
769 1245 808 1287 a
853 1223 1012 1288 leto
1058 1223 1367 1288 mimine
1414 1223 1759 1306 aspell6r
1799 1223 2030 1290 Iovis.

295 1309 551 1394 Atque
613 1309 801 1375 haec
865 1313 1180 1376 vetusta
1235 1311 1519 1376 saeclis
1574 1313 2005 1463 glomeratla
2062 1312 2234 1376 1161·-

1396 1427 1405 1432 ’
1856 1421 1925 1463 11
1990 1421 2055 1464 1s

295 1483 686 1551 Luctifica
731 1486 990 1552 clades
1035 1488 1302 1552 n6stro
1350 1487 1596 1550 infixa
1640 1490 1758 1551 est
1808 1487 2143 1571 corpori,

296 1573 353 1638 E
402 1575 546 1658 quo
593 1573 938 1659 liquatae
985 1575 1174 1639 solis
1223 1574 1495 1639 ardore
1551 1574 1914 1638 excidunt

22 1741 24 1760 Ι
129 1685 181 1726 ιε
297 1659 611 1746 Guttae,
648 1683 839 1747 quae
877 1685 1060 1728 saxa
1099 1659 1413 1727 adsidue
1451 1661 1856 1727 instillant
1888 1660 2232 1727 Caucasi.

207 1837 338 1903 Vix
391 1837 595 1922 igitur
647 1858 839 1921 posse
897 1838 1191 1903 videmur
1242 1837 1338 1902 ita
1383 1837 1705 1903 adfectum
1746 1857 1883 1902 non
1926 1837 2232 1902 miserum

207 1925 418 1990 dicere
467 1929 561 2010 et,
609 1926 666 1990 si
710 1925 882 1991 hunc
926 1927 1260 2004 miserum,
1308 1929 1478 1990 certe
1525 1925 1811 1991 dolorem
1856 1925 2117 1991 malum.
2255 1974 2335 2039 11

339 2014 424 2080 Α.
478 2013 578 2078 Tu
622 2013 880 2098 quidem
925 2013 1133 2079 adhuc
1169 2036 1381 2078 meam
1423 2035 1686 2079 causam
1732 2014 1902 2098 agis3
1949 2012 2061 2078 sed
2105 2012 2232 2079 hoc
2268 2051 2337 2101 26

43 2181 52 2186 ι
208 2124 359 2168 mox
387 2149 390 2154 -
420 2101 670 2187 videro,
739 2102 1018 2186 interea,
1087 2101 1257 2166 unde
1331 2102 1443 2167 isti
1514 2100 1779 2167 versus?
1851 2123 1985 2168 non
2057 2101 2232 2166 enim

130 2213 184 2254 so
210 2190 554 2276 adgnosco,

339 2285 431 2343 M.
478 2277 708 2343 Dicam
752 2278 996 2361 hercle3
1052 2279 1290 2344 etenim
1344 2280 1517 2342 recte
1570 2278 1860 2362 requiris,
1948 2275 2231 2343 Videsne

208 2367 540 2432 abundare
588 2387 690 2430 me
735 2365 870 2432 otio
886 2366 921 2431 ‘P

341 2455 425 2520 A.
482 2453 650 2530 Quid
693 2453 879 2518 tum?

339 2548 432 2609 M.
484 2541 696 2606 Fuisti
760 2564 978 2627 saepe,
1053 2542 1265 2627 credo,
1341 2563 1484 2606 eum
1548 2540 1827 2607 Athenis
1892 2561 2094 2625 esses,
2162 2539 2233 2604 in

130 2653 179 2695 26
207 2630 452 2698 scholis
504 2630 1062 2715 philosophorum.

338 2719 425 2784 A.
479 2716 681 2802 Vero,
729 2739 803 2783 ac
847 2718 1124 2783 libenter
1169 2718 1446 2802 quidem.

338 2813 432 2871 M.
477 2805 1056 2870 Animadvertebas
1091 2806 1325 2890 igitur,
1371 2805 1494 2870 etsi
1530 2807 1671 2868 tum
1706 2823 1897 2869 nemo
1944 2807 2085 2868 erat
2122 2804 2231 2869 ad-

204 2894 473 2961 modum
512 2893 839 2979 copiosus,
873 2915 1098 2959 verum
1133 2897 1355 2958 tamen
1388 2914 1613 2959 versus
1652 2892 1733 2957 ab
1770 2891 1852 2958 iis
1890 2891 2232 2958 admisceri

20 3035 22 3060 ;
206 2983 514 3049 orationi.

20 3085 22 3092 ·
129 3094 180 3134 so
338 3070 423 3136 A.
479 3069 577 3133 Ac
623 3071 864 3135 multos
910 3069 1169 3155 quidem
1215 3091 1254 3133 a
1297 3069 1617 3152 Dionysio
1667 3066 1902 3133 Stoico.

338 3159 437 3224 M.
481 3156 695 3223 Probe
750 3157 926 3222 dicis.
1038 3155 1162 3222 Sed
1216 3156 1273 3221 is
1330 3157 1515 3241 quasi
1570 3156 1838 3240 dictata,
1901 3156 2082 3221 nullo
2140 3155 2233 3219 di-

203 3249 407 3332 lectu,
475 3247 656 3310 nulla
717 3245 1067 3330 elegantia,
1127 3244 1318 3310 Philo
1384 3248 1449 3308 et
1509 3243 1771 3328 proprio
1833 3265 2103 3309 numero
2168 3246 2232 3306 et

203 3337 377 3400 lecta
432 3337 736 3418 poemata
791 3338 856 3398 et
910 3333 1053 3399 loco
1116 3331 1528 3418 adiungebat.
1616 3331 1846 3416 Itaque
1889 3335 2235 3415 postquam

207 3423 510 3489 adamavi
553 3421 723 3486 hanc
768 3420 955 3505 quasi
1005 3419 1273 3485 senilem
1329 3420 1888 3497 declamationem,
1946 3417 2231 3482 studiose

128 3533 179 3575 85
207 3511 504 3596 equidem
566 3513 717 3576 utor
777 3508 1020 3575 nostris
1083 3509 1325 3593 poetis3
1390 3507 1505 3572 sed
1568 3506 1773 3572 sicubi
1836 3504 1933 3569 illi
1991 3503 2232 3566 defece·

312 3622 426 3664 010.
453 3622 536 3664 Π.
575 3623 614 3664 1.
1837 3611 1905 3659 22
