2609 3884
313 183 392 238 IV
937 180 1363 237 ADNOTATIO
1404 179 1715 238 CRITICA.

314 339 559 395 bendum
593 339 776 394 visum
804 340 915 408 est,
952 339 1091 393 item
1126 358 1181 409 p.
1212 345 1260 393 9.
1291 344 1386 406 25,
1425 345 1507 394 11.
1550 345 1615 394 19
1644 339 1703 392 et
1729 343 1824 405 30,
1864 343 1949 394 71.
1987 345 2047 407 3,
2087 345 2204 394 198.
2244 346 2328 407 27,

315 416 436 465 395.
469 417 552 477 11,
591 416 708 466 398.
745 416 830 477 14,
868 410 1028 465 codd.
1059 412 1118 464 et
1154 409 1277 464 edd.
1305 411 1517 477 deser„
1556 409 1751 464 contra
1787 409 1969 463 deser.
2006 426 2061 477 p.
2092 415 2209 464 293.
2240 416 2327 478 23,

313 480 411 534 ubi
457 481 618 535 codd.
667 482 726 534 et
769 479 976 534 Baiter.
1024 481 1200 536 discr.
1291 479 1476 534 Diser.
1525 481 1584 533 et
1628 477 1789 532 codd.
1836 480 1895 532 et
1940 478 2066 535 edd.
2115 496 2170 548 p.
2207 486 2326 534 391.

316 557 365 620 7,
395 557 514 606 395.
544 557 594 618 5,
621 555 742 604 449.
773 556 866 618 1⁰3
894 569 946 605 v.
977 549 1051 604 ad
1076 567 1130 618 p.
1161 555 1280 604 392.
1314 554 1396 604 15.
1427 581 1494 589 —
1520 549 1580 602 P.
1613 555 1663 604 6.
1693 553 1756 602 31
1796 549 2005 603 sedem
2030 551 2328 620 reqionum,

315 623 552 676 locorum
570 621 874 675 admodum
903 621 1244 689 suspectum3
1273 620 1458 675 sedum
1483 621 1579 674 vel
1609 619 1817 674 sedium
1840 619 2001 673 codd.
2031 619 2330 688 Augustini

316 693 373 746 et
398 692 636 748 Johann.
669 691 870 746 Sarisb.
925 689 1012 744 An
1047 688 1252 744 situm?
1290 719 1358 728 —-
1394 690 1457 743 P.
1489 696 1537 745 1.
1572 696 1603 745 3
1639 705 1771 744 sane
1807 689 1928 743 cod.
1969 688 2131 758 Ged.,
2167 690 2326 758 Bait,

313 765 517 817 satisne
555 763 684 817 cett.
714 761 893 828 codd„
929 761 1066 814 satis
1100 759 1286 814 Halm.
1316 789 1383 800 -
1409 759 1471 815 P.
1503 766 1551 815 1.
1580 765 1615 814 4
1650 764 1701 814 et
1733 759 1863 814 haec
1898 758 2043 813 Bait.
2079 760 2327 828 Kayser-o

317 833 611 887 obsecutus
646 831 707 886 in
739 833 869 885 haec
903 835 954 884 et
987 829 1319 884 mutandum
1355 829 1596 897 censuit,
1637 846 1752 883 non
1786 831 1965 897 recte,
2010 832 2075 883 ut
2111 830 2325 898 opinor.

313 903 460 957 Nam
506 902 614 957 etsi
656 900 850 956 eadem
894 901 1024 954 sunt
1058 901 1188 954 haec
1223 901 1281 954 et
1322 915 1454 966 sua,
1489 901 1685 954 tamen
1716 915 1831 954 non
1865 899 2047 954 minus
2082 899 2229 954 inter
2266 917 2325 954 36

313 972 654 1042 respondent
703 987 870 1038 quam
919 971 1016 1039 qui
1064 971 1166 1025 illa
1213 986 1328 1024 non
1367 975 1630 1038 poterunt
1678 971 1737 1024 et
1788 971 1886 1038 qui
1931 969 2144 1024 Graeca
2178 976 2327 1039 pote·

313 1048 460 1097 runt.
510 1073 576 1081 —
621 1041 682 1096 P.
724 1046 773 1095 7.
813 1047 878 1094 13
923 1045 1054 1094 swnt
1098 1057 1195 1094 cur
1229 1039 1413 1094 Halm.
1452 1042 1510 1094 et
1557 1038 1702 1093 Bait.
1750 1039 1991 1093 scribere
2028 1040 2327 1095 maluerint

315 1127 481 1180 quam
529 1112 642 1165 sint
690 1111 748 1165 et
795 1127 850 1178 p.
891 1115 939 1164 8.
993 1115 1060 1164 10
1106 1111 1353 1178 scripsit
1399 1127 1567 1178 quam
1607 1111 1955 1178 scripserit,
2003 1126 2116 1164 non
2160 1111 2325 1165 video

315 1192 539 1236 causam
587 1179 866 1236 idoneam.
947 1180 1014 1234 In
1056 1196 1117 1234 re
1160 1182 1282 1235 tam
1325 1179 1544 1234 incerta
1580 1180 1782 1234 certior
1814 1195 2011 1234 norma
2046 1181 2201 1234 nulla
2238 1184 2325 1234 est

315 1269 482 1320 quam
519 1249 787 1306 codicum.
871 1248 952 1304 cf.
989 1250 1064 1304 ad
1098 1268 1152 1320 p.
1194 1255 1313 1305 10⁴6.
1352 1256 1420 1305 35
1460 1251 1518 1304 et
1561 1255 1647 1306 40.
1684 1256 1777 1318 37,
1816 1255 1901 1304 49.
1952 1256 2045 1318 17,
2084 1257 2204 1305 157.
2240 1257 2325 1319 35,

315 1328 434 1377 166.
473 1327 559 1388 33,
597 1326 716 1375 25⁷.
746 1326 797 1388 3,
834 1326 954 1375 267.
986 1326 1036 1388 1,
1073 1325 1194 1374 290.
1236 1326 1319 1388 15,
1357 1325 1477 1375 344.
1508 1326 1591 1388 19,
1630 1325 1749 1376 346.
1780 1325 1829 1387 5,
1872 1325 1993 1374 359.
2024 1327 2089 1376 32
2118 1323 2178 1374 et
2204 1327 2323 1376 400.

313 1399 408 1458 33,
457 1397 576 1447 387.
629 1396 720 1458 15,
766 1396 888 1446 427.
935 1397 995 1459 6,
1048 1395 1171 1445 439.
1223 1397 1308 1445 23.
1362 1421 1425 1431 —
1476 1390 1537 1446 P.
1581 1395 1631 1446 8.
1678 1397 1711 1444 9
1764 1390 2018 1445 Philonis
2069 1408 2183 1445 non
2236 1407 2324 1444 ex-

310 1460 508 1532 punxi,
545 1461 644 1516 sed
681 1459 906 1529 seclusi,
943 1462 1031 1528 ut,
1083 1461 1133 1514 si
1168 1461 1259 1514 cui
1291 1460 1519 1528 liberet,
1559 1459 1653 1514 vel
1690 1459 1901 1514 addere
1932 1459 2146 1528 aliquid
2184 1462 2325 1530 (sen-

311 1534 536 1588 tentiam
561 1531 768 1600 Halm.)
802 1531 899 1585 vel
927 1531 1194 1586 Philonia
1230 1531 1297 1586 de
1326 1531 1513 1585 Madv.
1545 1530 1888 1598 coniectura,
1926 1547 2036 1598 qua
2070 1548 2201 1585 usus
2240 1534 2325 1585 est

310 1603 484 1670 Bait„
520 1601 762 1657 scribere
801 1601 1013 1656 liceret.
1052 1631 1124 1641 —-
1157 1600 1219 1655 P.
1250 1607 1300 1656 8.
1339 1607 1407 1655 22
1444 1603 1506 1655 id
1540 1603 1684 1670 quod
1720 1605 1930 1656 constat
1964 1603 2107 1656 inter
2147 1618 2325 1656 omnes

309 1689 425 1728 non
474 1671 744 1740 intellego
793 1687 902 1741 quo
947 1671 1116 1726 modo
1160 1670 1302 1724 ferri
1344 1671 1537 1741 possit.
1586 1701 1653 1710 -
1696 1671 1758 1726 P.
1798 1675 1846 1724 8.
1878 1675 1945 1725 29
1994 1673 2217 1726 valere
2251 1674 2327 1727 acl

311 1745 440 1798 bene
491 1743 594 1797 viv.
649 1741 834 1798 Halm.
847 1783 863 1812 ,
917 1743 1159 1808 conferre
1212 1739 1338 1809 alii,
1384 1739 1487 1795 alii
1528 1741 1720 1808 facere.
1771 1771 1837 1780 —
1872 1740 1934 1794 P.
1974 1747 2023 1794 9.
2067 1747 2093 1794 1
2152 1743 2327 1796 omnis

312 1813 501 1883 codd,
535 1812 748 1882 Halm.,
796 1813 1030 1868 lumiinis
1070 1810 1292 1878 Lamb.,
1338 1811 1483 1865 Bait.
1522 1840 1590 1850 —
1626 1810 1689 1866 P.
1718 1815 1769 1864 9.
1801 1816 1865 1865 13
1906 1809 2325 1866 Calchedonium

309 1884 514 1951 Klotz„
553 1883 739 1948 .Bait.,
778 1882 1025 1938 Chalced.
1063 1880 1215 1952 vulg.
1252 1912 1324 1922 —-
1357 1881 1419 1936 P.
1451 1887 1499 1936 9.
1528 1887 1593 1936 21
1634 1881 1967 1936 dubitanter
2002 1879 2173 1950 Bait„
2220 1882 2322 1937 du-

310 1955 587 2008 bitantem
641 1952 762 2006 cod.
819 1951 983 2018 Ged.,
1037 1952 1254 2019 Halm.,
1305 1952 1697 2007 dubitationem
1750 1952 1883 2006 cett.
1930 1981 1996 1992 —-
2040 1950 2104 2006 P.
2154 1957 2235 2006 10.
2293 1960 2324 2007 6

311 2038 632 2092 consequens
653 2021 1042 2090 ‘probabiliter
1059 2021 1315 2075 Krische'
1348 2021 1575 2088 (Halm.)
1588 2063 1602 2087 ,
1630 2020 1775 2076 Bait.
1794 2052 1867 2061 —
1882 2021 1962 2074 Ib.
1983 2037 2193 2093 repuqn
2204 2039 2326 2076 ans
2376 2048 2389 2059 ·

309 2098 473 2148 esset
530 2091 750 2160 scripsi,
805 2097 1092 2160 repuynet
1146 2091 1310 2149 codd.
1356 2092 1413 2144 et
1460 2090 1715 2161 plerique
1771 2091 1957 2158 editt.,
2011 2108 2325 2162 repuqnans

308 2163 491 2217 Halm.
531 2164 590 2216 et
621 2161 767 2216 Bait.
805 2192 871 2202 —
907 2161 970 2216 P.
1001 2166 1085 2215 10.
1117 2167 1182 2216 12
1220 2179 1257 2215 a
1290 2166 1500 2216 natura
1544 2160 1690 2216 Bait.
1728 2179 1798 2216 ex
1830 2177 1942 2216 uno
1992 2163 2141 2232 cod.,
2191 2164 2323 2218 cett.

308 2251 336 2288 e
371 2237 484 2288 nat.
523 2231 682 2300 (Ged.
723 2234 879 2300 om.);
928 2249 982 2285 v.
1018 2248 1074 2300 p.
1113 2238 1162 2287 6.
1207 2237 1288 2286 11.
1328 2262 1396 2272 -
1431 2232 1491 2286 Ρ.
1533 2239 1616 2287 10.
1656 2238 1724 2288 20
1762 2234 1821 2286 et
1868 2233 1942 2288 in
1974 2249 2145 2288 mores
2181 2233 2322 2288 coni.

307 2303 492 2358 Halm.
539 2305 597 2357 et
641 2301 865 2371 scripsit
906 2301 1052 2356 Bait.
1140 2301 1248 2356 Cur
1290 2319 1405 2358 non
1451 2301 1624 2357 etiam
1668 2321 1721 2358 v.
1761 2319 1807 2356 c.
1843 2320 1898 2372 p.
1948 2307 2067 2358 208.
2107 2309 2142 2356 4
2185 2304 2323 2358 divi·

306 2379 496 2429 serunt
529 2378 790 2427 naturam
823 2372 1058 2427 hominis
1100 2372 1167 2426 in
1202 2374 1448 2428 animum
1482 2378 1532 2427 et
1575 2375 1650 2428 in
1682 2388 1880 2440 eorpus
1915 2374 2015 2426 aut
2047 2372 2123 2427 ib.
2159 2391 2215 2426 v.
2256 2379 2321 2426 13

310 2446 393 2512 (et
433 2461 490 2512 p.
536 2447 656 2497 355.
702 2444 758 2512 2)
815 2443 913 2511 qui
963 2445 1231 2496 constaret
1273 2459 1343 2497 ex
1396 2443 1580 2497 animo
1634 2447 1685 2496 et
1736 2459 1812 2497 ex
1850 2441 2111 2511 corpore?
2183 2441 2325 2497 Mihi

307 2514 567 2568 videntur
593 2511 950 2582 grammatici
985 2512 1054 2566 de
1080 2510 1553 2582 praepositionum
1583 2511 1916 2582 repetitione
1946 2514 2043 2566 aut
2075 2515 2323 2582 praeter-

308 2583 572 2638 missione
606 2583 774 2637 nimis
809 2582 1049 2637 multum
1084 2582 1224 2637 scire
1261 2583 1373 2636 sibi
1405 2582 1603 2638 videri.
1671 2581 1752 2637 Cf.
1779 2601 1833 2652 p.
1866 2588 1951 2638 70.
1989 2589 2049 2650 6,
2087 2589 2205 2638 138.
2239 2590 2323 2651 13,

308 2661 429 2710 257.
465 2661 560 2721 32,
598 2659 719 2709 262.
759 2659 852 2722 28,
890 2658 1010 2708 325.
1049 2659 1144 2720 34,
1181 2657 1302 2707 448.
1343 2659 1427 2708 23.
1467 2684 1533 2694 -—
1568 2653 1630 2707 P.
1670 2658 1752 2707 10.
1782 2658 1853 2707 24
1889 2670 1969 2720 sq.
2007 2655 2327 2708 assiduitate

309 2725 714 2778 exercitationis
742 2724 800 2776 et
825 2741 878 2777 v.
907 2729 976 2778 26
1002 2725 1129 2792 ipsa
1145 2724 1498 2792 philosophia
1526 2723 1647 2777 cod.
1678 2722 1813 2776 Gred.
1827 2764 1843 2792 ,
1876 2739 2043 2777 emere.
2072 2725 2237 2777 assid.
2268 2726 2326 2777 et

305 2794 439 2860 phil.
475 2794 604 2860 ipsa
635 2791 853 2857 reliqui.
881 2821 952 2832 --
977 2791 1039 2845 Ρ.
1073 2798 1155 2846 10.
1185 2797 1254 2846 28
1291 2794 1623 2856 absolutum,
1658 2793 1861 2856 virtue,
1896 2793 1960 2845 id
1994 2797 2071 2846 est
2104 2791 2323 2862 christ„

307 2861 479 2930 Bait,
517 2861 849 2925 absolutum,
884 2861 948 2916 id
981 2865 1058 2914 est
1100 2862 1278 2916 virtus
1316 2861 1503 2928 codd„
1541 2860 1723 2913 Halm.
1754 2890 1821 2899 —
1849 2860 1911 2914 P.
1946 2866 2027 2916 10.
2060 2867 2127 2916 35
2164 2865 2326 2930 enim,

309 2933 459 3000 quod
496 2931 648 2984 extat
671 2929 733 2984 in
761 2928 898 2983 Ged.
929 2929 1076 2996 solo,
1112 2931 1265 2984 recte
1291 2929 1517 2984 videtur
1543 2928 1798 2984 Halmius
1825 2931 2175 3000 repudiasse;
2211 2933 2323 2988 for-

307 3005 456 3056 tasse
485 3005 680 3066 autem,
715 3000 780 3052 ut
804 3016 860 3067 p.
889 3003 938 3053 5.
968 3005 1035 3053 33
1071 2998 1131 3052 111
1159 2999 1440 3066 011111110113,
1468 3015 1524 3069 p.
1556 3005 1675 3055 181.
1706 3006 1803 3068 24,
1834 3006 1951 3056 192.
1984 3008 2077 3072 10,
2107 3009 2224 3058 263.
2256 3011 2323 3058 26

306 3071 368 3126 111
385 3072 485 3125 ΒΕ
508 3068 666 3125 codd.
689 3071 776 3122 est
795 3069 937 3124 enim
953 3085 1056 3138 pro
1077 3075 1271 3136 autem,
1297 3087 1353 3138 p.
1378 3074 1497 3124 132.
1518 3075 1583 3124 31
1606 3074 1785 3126 antem
1810 3088 1913 3141 pro
1932 3074 2075 3127 enim
2091 3073 2153 3127 in
2170 3074 2234 3130 E.
2255 3105 2321 3114 —

306 3141 368 3196 P.
409 3147 492 3196 10.
531 3147 598 3196 31
635 3140 884 3196 omnibus
917 3139 1074 3204 Ern.,
1110 3138 1256 3193 Bait.
1303 3170 1375 3179 —
1408 3139 1489 3193 Ib.
1528 3143 1799 3196 communi
1842 3142 1891 3197 J.
1937 3143 2026 3197 Fr.
2066 3143 2326 3212 Gronov.,·

305 3211 478 3279 Bait,
523 3211 767 3266 humana
811 3209 1000 3277 codd,
1045 3209 1228 3264 Halm.
1267 3240 1335 3249 —
1372 3209 1435 3265 P.
1476 3215 1559 3265 11.
1598 3217 1631 3264 9
1674 3212 1773 3281 qui
1806 3213 1939 3267 dum
1974 3216 2325 3283 appellantur

309 3282 430 3336 cod.
469 3280 633 3350 Ged.,
669 3281 790 3355 rell.
821 3281 1256 3350 appellarentur;
1293 3280 1444 3348 quod
1472 3280 1644 3336 scribi
1672 3283 1830 3352 solet,
1866 3285 1965 3352 qui
1989 3290 2105 3338 tum
2140 3285 2322 3353 appel-

307 3353 646 3418 larentur,
689 3350 942 3406 Halmius
990 3367 1209 3419 quoque
1255 3353 1479 3406 veretur
1523 3353 1588 3405 ut
1639 3355 1792 3408 recte
1829 3355 2188 3408 emendatum
2223 3354 2320 3420 sit3

309 3437 413 3490 ego
465 3437 538 3476 ne
593 3423 1072 3492 appellabantur
1127 3421 1355 3490 quidem
1422 3421 1525 3492 (sic
1578 3422 1727 3478 Bait.
1781 3423 2006 3478 Halmio
2072 3426 2320 3494 auctore)

308 3490 542 3561 accipio.
581 3521 648 3533 —
683 3492 744 3546 P.
777 3499 857 3548 11.
901 3499 972 3548 24
1015 3497 1066 3548 et
1109 3509 1295 3550 earum
1330 3507 1513 3548 rerum
1558 3495 1893 3562 adpetitio
1939 3494 2073 3548 satis
2118 3495 2321 3564 proba-
