2609 3884
274 1280 339 1330 19

369 140 506 204 432
764 138 1362 196 TUSCULANARUM
1399 137 2003 194 DISPUTATIONUM

373 303 553 388 bato,
595 302 759 367 illud
794 302 987 368 modo
1025 301 1375 386 explicant,
1413 300 1489 365 de
1530 322 1656 384 quo
1694 302 1844 366 ante
1879 299 2044 366 nihil
2081 289 2414 384 scriptum

240 453 244 456 .
372 393 501 493 ent3
544 389 917 475 philosophi
961 397 1431 474 quamcumque
1475 409 1615 453 rem
1666 387 1914 453 habent
1965 389 2035 452 in
2078 389 2412 472 manibus,

374 500 447 543 m
499 500 644 543 eam
696 500 862 563 quae
918 478 1331 561 conveniunt,
1385 479 1766 562 congerunt
1797 475 2044 560 omnia,
2097 477 2226 541 etsi
2271 477 2408 541 alio

373 566 520 633 loco
568 565 900 650 disputata
944 569 1113 630 sunt.
1204 564 1392 642 Quod
1445 565 1516 628 ni
1568 565 1665 629 ita
1709 569 1908 648 esset,
1961 585 2074 629 cur
2121 561 2410 648 StoicuS,

372 655 433 720 si
479 657 651 720 esset
696 654 1083 738 quaesitum,
1140 655 1383 718 satisne
1430 651 1511 716 ad
1563 652 1754 717 beate
1797 651 2144 717 vivendum
2188 652 2406 717 virtus
2437 680 2466 720 ⁵

372 745 625 827 posset,
681 741 893 806 multa
950 739 1233 807 diceret?
1293 741 1398 806 cui
1453 740 1612 805 satis
1668 743 1840 805 esset
1889 739 2284 822 respondere
2336 761 2407 805 se

377 833 526 894 ante
580 829 875 895 docuisse
926 828 1093 894 nihil
1138 829 1382 894 bonum
1439 849 1607 913 esse,
1659 829 1791 893 nisi
1836 827 2010 911 quod
2051 827 2406 893 honestum

376 921 575 1002 esset,
618 917 746 982 hoc
789 917 1064 1000 probato
1112 937 1507 1000 consequens
1554 937 1694 981 esse
1738 916 1998 981 beatam
2034 916 2240 982 vitam
2275 917 2408 981 vir·

374 1009 516 1070 tute
562 1025 703 1070 esse
749 1008 1143 1088 contentam,
1190 1008 1257 1069 et
1301 1026 1430 1089 quo
1476 1003 1668 1069 modo
1713 1003 1838 1069 hoc
1877 1005 1966 1068 sit
2002 1025 2404 1088 consequens
2580 1039 2581 1068 ξ

375 1093 501 1176 illi,
548 1092 641 1157 sic
684 1091 848 1156 illu'd
890 1090 1069 1176 huic,
1122 1095 1223 1176 ut,
1280 1091 1338 1157 si
1382 1091 1577 1158 beata
1620 1093 1760 1156 vita
1802 1091 2038 1156 virtute
2095 1095 2408 1158 contenta
2436 1121 2489 1160 ιο

377 1179 490 1262 sit,
548 1180 680 1244 nisi
735 1178 1080 1244 honestum
1139 1179 1310 1265 quod
1368 1180 1481 1264 sit,
1537 1180 1701 1244 nihil
1762 1179 1939 1244 aliud
1998 1180 2086 1245 sit
2135 1181 2404 1246 bonum.

376 1265 503 1332 Sed
555 1271 774 1332 tamen
818 1288 951 1332 non
996 1271 1199 1353 agunt
1243 1268 1364 1351 sic;
1420 1289 1576 1332 nam
1622 1271 1688 1333 et
1741 1267 1820 1332 de
1873 1268 2148 1332 honesto
2197 1272 2268 1333 et
2327 1268 2405 1333 de

376 1377 629 1421 summo
674 1355 849 1420 bono
896 1356 1243 1440 separatim
1288 1356 1445 1420 libri
1491 1360 1668 1441 sunt,
1715 1361 1782 1420 et
1823 1377 1968 1420 cum
2015 1368 2218 1421 exss‘eo
2267 1357 2404 1421 effi-

376 1443 584 1510 ciatur
646 1443 805 1508 satis
868 1463 1175 1529 magnam
1238 1445 1312 1508 in
1371 1445 1612 1508 virtute
1668 1444 1749 1508 ad
1805 1443 1994 1508 beate
2053 1444 2404 1509 vivendum
2580 1521 2581 1534 χ

375 1553 516 1596 esse
561 1531 722 1610 vim,
764 1531 974 1597 nihilo
1011 1531 1223 1596 minus
1268 1530 1407 1606 hoc,
1431 1534 1639 1617 agunt
1672 1533 2036 1616 separatim.
2107 1531 2402 1616 Propriis
2431 1560 2482 1599 ιε

375 1619 549 1683 enim
604 1623 671 1684 et
715 1619 851 1683 suis
899 1619 1300 1704 argumentis
1347 1622 1412 1683 et
1457 1618 2004 1686 admonitionibus
2057 1620 2404 1685 tractanda
2580 1629 2581 1638 ’

375 1727 664 1790 quaeque
709 1727 813 1771 res
859 1711 985 1786 est,
1038 1711 1228 1773 tanta
1282 1708 1684 1791 praesertim.
1775 1705 1948 1772 Cave
1995 1709 2166 1772 enim
2211 1713 2401 1792 putes

373 1795 579 1859 ullam
605 1794 677 1858 in
703 1794 1117 1878 philosophia
1144 1816 1367 1861 vocem
1395 1795 1700 1860 emissam
1729 1796 2083 1880 clariorem,
2111 1796 2402 1861 ullumve

376 1903 517 1946 esse
552 1881 1006 1966 philosophiae
1042 1885 1435 1966 promissum
1473 1883 1733 1948 uberius
1773 1887 1886 1949 aut
1920 1884 2144 1948 maius.
2226 1884 2402 1950 Nam

376 1969 529 2054 quid
572 1970 957 2053 profitetur?
1014 1992 1051 2035 o
1099 1970 1166 2035 di
1209 1971 1392 2036 boni!
1444 1971 1880 2056 perfecturam
1924 1993 2020 2057 se,
2082 1971 2195 2056 qui
2243 1973 2401 2058 legi·
2427 2000 2480 2039 20

373 2056 497 2121 bus
544 2058 677 2122 suis
722 2059 1070 2142 paruisset,
1125 2063 1199 2122 ut
1251 2061 1426 2123 esset
1479 2062 1703 2124 contra
1755 2060 2084 2125 fortunam
2145 2080 2405 2144 semper

378 2147 692 2228 armatus,
728 2149 804 2209 ut
839 2147 1058 2210 omnia
1093 2145 1423 2230 praesidia
1463 2147 1736 2212 haberet
1771 2148 1842 2212 in
1876 2169 1945 2212 se
1981 2147 2146 2212 bene
2183 2148 2400 2213 beate-

266 2252 341 2302 20
378 2252 501 2314 que
562 2231 845 2314 vivendi,
908 2237 985 2298 ut
1043 2236 1215 2297 esset
1274 2255 1529 2317 semper
1585 2234 1858 2320 denique
1913 2235 2165 2300 beatus.
2276 2233 2402 2338 Sed

373 2317 595 2384 videro
610 2369 631 2403 ,
713 2319 866 2403 quid
938 2319 1213 2405 efficiat3
1294 2322 1616 2406 tantisper
1684 2323 1810 2388 hoc
1888 2324 2105 2407 ipsum
2178 2344 2400 2408 magm

376 2411 697 2490 aestumo‚
743 2408 915 2492 quod
957 2408 1318 2491 pollicetur.
1388 2408 1560 2474 Nam
1604 2410 1851 2476 Xerxes
1897 2412 2154 2495 quidem
2200 2413 2396 2477 refer·
2425 2440 2474 2480 25
2580 2425 2581 2428 ’

372 2499 480 2560 tus
517 2495 817 2561 omnibus
853 2496 1157 2579 praemiis
1196 2497 1508 2582 donisque
1544 2497 1870 2582 fortunae,
1909 2520 2045 2564 non
2082 2500 2399 2584 equitatu,

372 2606 509 2649 non
552 2584 959 2668 pedestribus
1006 2585 1238 2670 copiis,
1284 2607 1418 2650 non
1460 2586 1726 2651 navium
1770 2587 2214 2672 multitudine,
2267 2611 2400 2655 non

374 2672 627 2737 infinito
681 2671 963 2756 pondere
1010 2673 1151 2736 auri
1196 2676 1538 2738 contentus
1620 2676 1982 2758 praemium
2039 2677 2398 2759 proposuit,

375 2760 489 2842 qui
539 2760 893 2826 invenisset
942 2782 1179 2825 novam
1231 2761 1664 2844 voluptatem3
1721 2784 1849 2845 qua
1906 2763 2051 2846 ipsa
2093 2784 2231 2828 non
2273 2763 2399 2828 fuit

374 2849 744 2933 contentu83
788 2870 993 2933 neque
1039 2849 1211 2914 enim
1246 2870 1556 2932 umquam
1601 2849 1796 2914 finem
1840 2850 2131 2916 inveniet
2174 2851 2396 2916 libido.
2421 2877 2472 2917 so

374 2930 515 2997 Nos
559 2935 795 2998 vellem
838 2936 1127 3019 praemio
1180 2937 1409 3002 elicere
1462 2955 1828 3021 possemus,
1888 2936 1999 3022 qui
2042 2938 2236 3003 nobis
2283 2939 2396 3002 ali-

374 3018 531 3103 quid
576 3021 934 3106 attulisset,
980 3045 1107 3106 quo
1151 3023 1275 3089 hoc
1322 3024 1572 3088 firmius
1620 3025 2040 3090 crederemus.

506 3107 590 3174 A.
642 3105 899 3172 Vellem
933 3109 1023 3179 ‚id
1080 3111 1368 3195 quidem,
1432 3112 1544 3177 sed
1600 3113 1810 3178 habeo
1870 3114 2165 3197 paulum,
2227 3115 2396 3198 quod

372 3194 715 3278 requiram.
803 3193 951 3279 Ego
998 3198 1169 3261 enim
1218 3199 1547 3265 adsentior
1590 3221 1841 3284 eorum,
1890 3223 2054 3284 quae
2099 3202 2398 3286 posuisti,

372 3281 649 3345 alterum
706 3281 896 3346 alteri
950 3305 1346 3368 consequens
1393 3309 1559 3372 esse,
1603 3292 1704 3372 ut,
1753 3310 1942 3372 quem
1989 3289 2072 3353 ad
2115 3288 2394 3374 modum,
2420 3316 2467 3356 ³⁵
2579 3355 2581 3366 ,

373 3367 457 3448 si,
504 3369 674 3450 quod
717 3368 1063 3434 honestum
1108 3371 1222 3454 sit,
1266 3373 1334 3436 id
1380 3375 1590 3440 solum
1637 3376 1727 3441 sit
1771 3377 2038 3460 bonum,
2089 3381 2396 3461 sequatur

371 3453 575 3518 vitam
619 3455 879 3521 beatam
916 3458 1152 3522 virtute
1190 3459 1446 3545 confici,
1492 3463 1611 3545 sic,
1657 3465 1714 3529 si
1748 3464 1886 3530 vita
1920 3464 2115 3528 beata
2159 3465 2233 3530 in
2269 3465 2394 3532 vir-
