2609 3884
388 156 522 223 290
779 158 1378 215 TUSCULANARUM
1413 158 2016 214 DISPUTATIONUM

387 342 542 386 vero
605 320 881 386 scrutari
942 323 1160 386 vetera
1223 323 1290 385 et
1354 341 1429 384 ex
1492 320 1574 385 iis
1640 342 1742 400 ea,
1816 343 1980 406 quae
2053 321 2405 404 scriptores

392 408 700 474 Graeciae
746 408 1192 493 prodiderunt,
1239 428 1458 473 eruere
1503 429 1723 494 coner,
1766 409 1896 493 ipsi
1940 410 2042 473 illi
2086 409 2407 474 maiorum

391 498 681 583 gentium
744 497 809 562 di
872 497 984 581 qui
1044 496 1396 580 habentur,
1454 496 1609 562 hinc
1662 518 1707 561 a
1757 497 1948 562 nobis
2000 498 2279 581 profecti
2334 498 2407 562 in

389 587 639 651 caelum
692 584 1109 668 reperientur.
1211 583 1488 664 Quaere,
1550 606 1825 671 quorum
1881 586 2409 651 demonstrentur

389 674 688 759 sepulcra
721 674 788 737 in
828 671 1118 757 Graecia,
1153 672 1584 759 reminiscere,
1628 674 1937 759 quoniam
1972 696 2043 740 es
2086 674 2407 758 initiatus,
2438 700 2467 740 s

390 783 553 847 quae
613 760 959 826 tradantur
1021 760 1379 845 mysteriis3
1444 765 1588 825 tum
1649 762 1952 847 denique,
2024 784 2217 847 quam
2279 762 2409 827 hoc

388 851 522 915 late
583 851 831 934 pateat,
894 849 1254 933 intelleges.
1366 848 1492 914 Sed
1555 850 1665 934 qui
1723 850 2041 931 nondum,
2104 872 2183 915 ea
2238 872 2409 935 quae

391 938 614 1003 multis
675 941 830 1022 post
889 938 1077 1002 annis
1139 938 1408 1002 tractari
1460 941 1690 1023 coepta
1742 941 1921 1024 sunt,
1974 938 2249 1023 physica
2312 938 2408 1003 di-

391 1026 722 1109 dicissent,
772 1028 1030 1089 tantum
1085 1026 1211 1090 sibi
1265 1030 1747 1111 persuaserant,
1800 1030 2117 1110 quantum
2169 1030 2411 1091 natura

391 1114 775 1178 admonente
822 1116 1286 1199 cognoverant,
1332 1114 1615 1179 rationes
1654 1118 1720 1179 et
1756 1136 1983 1180 causas
2019 1136 2237 1181 rerum
2270 1137 2408 1180 non
2442 1143 2495 1181 ιο

388 1202 727 1287 tenebant,
779 1200 936 1266 visis
992 1202 1380 1286 quibusdam
1434 1222 1627 1286 saepe
1681 1204 2137 1287 movebantur,
2197 1204 2411 1288 iisque

389 1290 670 1353 maxime
741 1290 1102 1374 nocturnis,
1173 1293 1250 1354 ut
1320 1289 1690 1356 viderentur
1760 1290 1848 1376 ei,
1918 1291 2031 1377 qui
2092 1291 2233 1357 vita
2299 1314 2411 1357 ex-

291 1397 356 1447 80
393 1380 747 1461 cesserant,
791 1378 1022 1443 vivere.
1111 1376 1205 1443 Ut
1256 1399 1451 1461 porro
1509 1378 1951 1443 firmissimum
1994 1378 2120 1445 hoc
2166 1379 2412 1444 adferri

388 1465 668 1549 videtur,
711 1487 825 1531 cur
869 1466 1022 1531 deos
1059 1487 1200 1531 esse
1236 1466 1601 1552 credamus,
1646 1466 1816 1552 quod
1849 1468 2029 1532 nulla
2062 1488 2225 1553 gens
2268 1471 2413 1532 tam

387 1553 556 1638 fera,
613 1575 804 1619 nemo
861 1554 1147 1620 omnium
1201 1557 1342 1618 tam
1396 1555 1485 1619 sit
1538 1555 1845 1641 inmanis,
1892 1556 2075 1621 cuius
2118 1558 2411 1621 mentem
2438 1584 2491 1625 15

387 1664 520 1707 non
563 1642 870 1707 imbuerit
915 1643 1179 1707 deorum
1225 1641 1444 1725 opinio
1489 1639 1712 1727 (multi
1756 1643 1835 1707 de
1874 1644 1973 1709 dis
2017 1664 2221 1728 prava
2264 1664 2411 1709 sen-

387 1730 587 1813 tiunt3
633 1729 701 1794 id
746 1731 919 1795 enim
963 1730 1203 1796 vitioso
1249 1752 1429 1795 more
1471 1730 1639 1795 effici
1685 1732 1877 1815 solet3
1922 1754 2149 1797 omnes
2182 1735 2414 1797 tamen

389 1838 534 1883 esse
587 1817 720 1883 vim
767 1823 833 1882 et
883 1821 1184 1883 naturam
1239 1818 1525 1883 divinam
1588 1818 2011 1903 arbitrantur,
2070 1841 2191 1885 nec
2250 1842 2411 1887 vero

385 1906 454 1970 id
498 1905 864 1971 conlocutio
907 1905 1243 1971 hominum
1288 1909 1405 1972 aut
1448 1928 1786 1973 consessus
1844 1908 2080 1993 effecit,
2130 1930 2267 1974 non
2306 1908 2412 1973 in-

387 1994 642 2059 stitutis
672 1994 890 2077 opinio
921 1997 1022 2058 est
1049 1995 1449 2075 confirmata,
1484 2016 1616 2060 non
1649 1996 1932 2081 legibus3
1970 1997 2150 2061 omni
2181 2000 2411 2061 autem
2434 2026 2481 2064 no

386 2082 457 2146 in
501 2103 570 2146 re
616 2083 948 2147 consensio
991 2083 1283 2147 omnium
1328 2084 1618 2168 gentium
1660 2084 1765 2149 lex
1799 2088 2071 2150 naturae
2115 2085 2412 2170 putanda

387 2167 515 2255 est)
561 2206 646 2217 —
695 2170 838 2255 quis
892 2173 992 2235 est
1044 2171 1274 2255 igitur,
1332 2171 1445 2255 qui
1488 2192 1753 2237 suorum
1796 2176 2076 2237 mortem
2122 2174 2409 2257 primum

385 2278 518 2323 non
593 2278 670 2323 eo
741 2258 990 2343 lugeat,
1063 2259 1235 2342 quod
1299 2280 1409 2323 eos
1474 2260 1737 2325 orbatos
1810 2260 1985 2326 vitae
2048 2261 2409 2327 commodis

388 2344 780 2410 arbitretur?
870 2345 1054 2412 Tolle
1097 2347 1266 2412 hanc
1312 2347 1711 2433 opinionem,
1753 2349 2000 2413 luctum
2044 2349 2408 2415 sustuleris.

385 2432 596 2500 Nemo
653 2434 829 2498 enim
881 2438 1132 2499 maeret
1185 2457 1300 2501 suo
1357 2435 1791 2521 incommod03
1845 2436 2069 2502 dolent
2121 2436 2407 2503 fortasse
2432 2465 2479 2505 ²⁵

388 2526 457 2587 et
519 2525 875 2608 anguntur3
948 2522 1061 2589 sed
1122 2524 1238 2588 illa
1287 2524 1581 2609 lugubris
1642 2525 2025 2590 lamentatio
2086 2526 2408 2609 fletusque

385 2632 680 2676 maerens
725 2632 805 2675 ex
850 2632 926 2677 eo
973 2615 1105 2691 est,
1151 2611 1321 2696 quod
1370 2634 1541 2695 eum,
1587 2634 1776 2696 quem
1822 2613 2182 2698 dileximus,
2229 2614 2407 2679 vitae

385 2699 744 2765 commodis
787 2700 1113 2783 privatum
1159 2700 1553 2765 arbitramur
1595 2700 1787 2785 idque
1832 2701 2087 2769 sentire.
2186 2700 2407 2786 Atque

384 2786 549 2851 haec
603 2787 698 2851 ita
751 2788 1064 2854 sentimus
1117 2791 1353 2853 natura
1407 2789 1593 2873 duce,
1644 2788 1830 2853 nulla
1880 2789 2137 2855 ratione
2194 2790 2404 2856 nulla·

386 2896 510 2957 que
559 2874 872 2941 doctrina.
2428 2904 2475 2945 so

285 2931 368 3056 ἐξ
519 2960 897 3027 Maxumum
949 2985 1105 3029 vero
1163 2967 1615 3049 argumentum
1672 2969 1773 3029 est
1828 2968 2130 3031 naturam
2191 2966 2406 3051 ipsam

388 3048 465 3114 de
539 3048 1009 3116 inmortalitate
1081 3052 1444 3117 animorum
1516 3053 1783 3117 tacitam
1852 3054 2159 3139 iudicare,
2232 3054 2407 3140 quod

386 3137 687 3204 omnibus
735 3160 924 3205 curae
973 3142 1150 3221 sunt,
1198 3144 1265 3204 et
1308 3162 1647 3205 maxumae
1698 3140 1984 3227 quidem,
2044 3164 2208 3227 quae
2251 3146 2408 3227 post

383 3229 660 3290 mortem
703 3226 926 3290 futura
981 3227 1129 3291 sint.
1229 3225 1466 3293 ‘Serit
1520 3230 1865 3315 arbores,
1917 3251 2109 3315 quae
2166 3231 2406 3296 alteri

385 3314 638 3377 saeclo
706 3313 1074 3415 prosint',
1148 3319 1223 3380 ut
1285 3316 1382 3380 ait
1440 3318 1547 3382 ille
1606 3318 1675 3382 in
1740 3316 2201 3421 Synephebis&
2248 3318 2481 3403 quidus

385 3402 605 3569 {¹⁰:553
604 3419 873 3551 {2313
919 3404 1118 3554 ἓὲἱῖῗ
1135 3406 1441 3573 αξὶῗξξίῗ
1460 3405 1772 3577 ἱέἑίἓῗὲ,
1792 3405 2405 3580 ῧξηέἷηξθῗὲἒῗέῑῖῖ
