2609 3884
274 1708 339 1757 51

277 3162 360 3226 16

380 116 511 182 190
705 116 804 171 DE
841 114 1132 171 FINIBUS
1165 114 1529 171 BONORUM
1563 114 1660 170 ΕΤ
1696 114 2059 172 MALORUM

379 279 468 344 sit
521 279 746 343 eadem
799 278 967 344 rat1o
975 327 994 362 ,
1047 280 1412 379 propterea·
1437 276 1607 362 quod
1622 365 1635 379 .
1655 276 1817 342 haec
1860 278 2179 379 plurimae
2228 299 2400 381 com-

379 456 630 520 artibus
665 477 799 519 non
834 455 938 538 sit,
975 457 1042 518 et
1079 454 1249 539 quod
1285 454 1493 519 virtus
1522 454 1965 539 stabilitatem,
2001 455 2401 538 firmitatem,

379 544 814 609 constantiam
847 542 1052 608 totius
1089 544 1260 608 vitae
1298 541 1785 627 complectatur,
1820 564 1941 607 nec
1973 542 2137 609 haec
2171 544 2401 608 eadem

376 633 448 698 in
493 633 740 697 artibus
788 652 928 697 esse
973 630 1327 696 videamus.
2429 656 2457 697 5

508 719 831 805 Deinceps
868 720 1226 803 explicatur
1260 718 1628 783 differentia
1663 740 1905 803 rerum,
1942 741 2136 804 quam
2171 720 2233 785 si
2266 741 2405 785 non

377 809 580 873 ullam
634 830 774 873 esse
828 807 1210 890 diceremus,
1268 806 1764 872 confunderetur
1827 808 2037 871 omnis
2102 809 2266 892 vita,
2329 811 2408 873 ut

379 898 461 962 ab
507 897 843 981 Aristone,
885 917 1093 980 neque
1137 896 1345 959 ullum
1390 895 1749 979 sapientiae
1793 917 2026 961 munus
2074 897 2189 961 aut
2234 918 2403 980 opus

377 984 800 1068 inveniretur,
846 1004 991 1049 cum
1036 984 1208 1047 inter
1252 1005 1357 1047 res
1404 1005 1539 1066 eas,
1587 1004 1751 1068 quae
1796 983 1879 1047 ad
1927 984 2129 1048 vitam
2168 985 2407 1068 degen-

380 1073 528 1137 dam
564 1073 989 1156 pertinerent,
1031 1071 1197 1136 nihil
1235 1072 1498 1137 omnino
1535 1072 1906 1154 interesset,
1949 1093 2156 1158 neque
2192 1072 2406 1138 ullum
2436 1099 2487 1137 10

380 1160 685 1224 dilectum
732 1159 1027 1224 adhiberi
1081 1163 1425 1243 oporteret.
1528 1158 1756 1243 Itaque
1806 1182 1952 1224 cum
2008 1163 2180 1224 esset
2234 1162 2405 1225 satis

379 1248 802 1314 constitutum
863 1248 931 1313 id
995 1249 1205 1313 solum
1268 1270 1409 1313 esse
1477 1249 1746 1332 bonum,
1818 1248 1988 1331 quod
2042 1250 2216 1313 esset
2286 1248 2407 1314 ho-

377 1341 665 1421 nestum,
720 1340 786 1401 et
839 1336 908 1401 id
966 1337 1210 1401 malum
1257 1336 1499 1419 solum,
1544 1336 1717 1420 quod
1770 1339 1984 1421 turpe,
2043 1339 2181 1400 tum
2227 1336 2409 1402 inter

378 1425 520 1509 illa,
566 1447 731 1510 quae
774 1425 941 1489 nihil
987 1426 1277 1491 valerent
1324 1425 1406 1489 ad
1451 1425 1641 1489 beate
1686 1424 1999 1489 misereve
2037 1425 2409 1510 vivendum,

380 1514 624 1598 aliquid
657 1518 896 1599 tamen,
931 1514 1102 1599 quod
1140 1513 1451 1594 differret,
1489 1534 1628 1577 esse
1665 1514 2026 1597 voluerunt,
2067 1515 2144 1577 ut
2180 1520 2408 1579 essent
2436 1538 2488 1579 15

380 1624 601 1668 eorum
666 1604 797 1667 alia
860 1602 1318 1685 aestimabilia,
1380 1601 1510 1665 alia
1570 1604 1824 1684 contra,
1889 1600 2021 1665 alia
2079 1605 2407 1667 neutrum.

382 1690 561 1767 Quae
616 1694 831 1756 autem
888 1689 1293 1755 aestimanda
1348 1692 1591 1772 essent,
1647 1710 1869 1753 eorum
1926 1689 1997 1753 in
2042 1688 2189 1753 aliis
2236 1691 2407 1755 satis

379 1800 520 1844 esse
567 1800 829 1862 causae,
873 1800 1070 1863 quam
1108 1778 1190 1843 ob
1227 1798 1366 1841 rem
1412 1776 1795 1861 quibusdam
1836 1781 2407 1862 anteponerentur,

379 1871 453 1932 ut
514 1868 585 1931 in
646 1867 1044 1950 valetudine,
1108 1868 1183 1930 ut
1240 1865 1311 1929 in
1362 1864 1739 1949 integritate
1800 1887 2129 1945 sensuum,
2191 1869 2269 1930 ut
2329 1866 2407 1930 in

379 1954 621 2019 doloris
695 1954 1044 2037 vacuitate,
1113 1956 1191 2017 ut
1259 1952 1539 2037 gloriae,
1615 1953 2015 2037 divitiarum,
2090 1954 2401 2019 similium
2434 1982 2487 2022 πο

378 2064 620 2126 rerum,
657 2042 790 2106 alia
825 2045 1042 2105 autem
1075 2062 1208 2105 11011
1245 2062 1385 2106 0880
1422 2040 1559 2105 01118
1598 2042 1802 2125 1110111,
1836 2042 2119 2124 itemque
2156 2064 2402 2126 eorum,

381 2150 543 2214 quae
603 2130 786 2193 nulla
848 2129 1298 2194 aestimatione
1362 2128 1559 2213 digna
1620 2133 1862 2208 essent,
1933 2130 2173 2212 partim
2236 2131 2403 2196 satis

378 2218 619 2281 habere
666 2238 922 2300 causae,
967 2239 1165 2302 quam
1210 2217 1292 2281 ob
1332 2238 1469 2281 rem
1513 2217 1930 2300 reicerentur,
1974 2222 2049 2282 ut
2092 2218 2404 2302 dolorem,

380 2305 706 2407 morbum,
770 2326 1075 2369 sensuum
1151 2305 1593 2389 amissionem,
1663 2309 2142 2390 paupertatem,
2212 2307 2402 2390 igno-

380 2393 679 2478 miniam,
735 2393 976 2458 similia
1026 2392 1288 2478 horum,
1340 2394 1584 2478 partim
1632 2416 1766 2459 non
1818 2393 1993 2459 item.
2082 2393 2253 2459 Hinc
2298 2398 2405 2459 est
2433 2420 2490 2462 25

379 2482 542 2546 1111111
577 2485 900 2567 exortum,
936 2482 1106 2566 quod
1142 2480 1316 2547 Zeno
1353 2480 1797 2566 προηγμένον,
1836 2486 2189 2583 contraque
2224 2482 2401 2566 quod

379 2564 934 2655 ἀποπροηγμένον
994 2570 1382 2653 nominavit,
1457 2592 1601 2634 cum
1672 2574 1963 2635 uteretur
2032 2571 2104 2635 in
2172 2570 2405 2654 lingua

381 2660 644 2742 copiosa
686 2660 878 2723 factis
922 2662 1144 2723 tamen
1187 2620 1561 2723 nominibus
1609 2679 1683 2722 ac
1727 2659 1942 2742 novis,
1991 2657 2164 2743 quod
2204 2659 2402 2724 nobis

379 2747 449 2810 in
512 2747 636 2811 hac
698 2747 881 2830 inopi
943 2747 1169 2831 lingua
1220 2769 1357 2811 non
1416 2746 1814 2828 conceditur3
1882 2768 2271 2830 quamquam
2325 2750 2403 2811 tu

378 2833 545 2897 hanc
581 2834 1010 2917 copiosiorem
1049 2836 1246 2897 etiam
1284 2835 1451 2899 soles
1489 2834 1716 2897 dicere.
1783 2831 1910 2898 Sed
1942 2856 2077 2897 non
2116 2835 2401 2899 alienum
2431 2862 2488 2901 so

381 2924 506 3001 est,
543 2942 669 3005 quo
706 2921 966 2986 facilius
1002 2922 1102 2985 vis
1139 2922 1323 2986 verbi
1358 2922 1800 3007 intellegatur,
1845 2922 2167 2987 rationem
2203 2921 2402 2987 huius

380 3009 562 3073 verbi
605 3008 890 3073 faciendi
933 3008 1215 3073 Zenonis
1264 3031 1604 3094 exponere.

511 3183 607 3250 Ut
642 3184 841 3267 enim,
887 3183 1126 3268 inquit,
1169 3206 1363 3251 nemo
1404 3186 1617 3250 dicit
1596 3208 1664 3251 111
1702 3185 1883 3269 regia
1917 3207 2139 3271 regem
2183 3187 2400 3269 ipsum

311 3240 564 3356 ²quasi
627 3271 1012 3356 productum
1079 3293 1218 3337 0880
1291 3273 1375 3338 ad
1446 3274 1834 3358 dignitatem
1907 3272 2003 3359 (id
2066 3279 2168 3339 est
2228 3274 2401 3339 enim

378 3357 858 3447 προηγμένον),
931 3360 1040 3425 sed
1114 3382 1254 3446 008,
1328 3362 1437 3445 qui
1500 3363 1570 3425 in
1635 3361 1855 3445 aliquo
1918 3361 2165 3426 honore
2230 3365 2401 3443 sunt,
2429 3389 2485 3431 ³5

381 3470 654 3532 quorum
718 3447 873 3513 ordo
935 3448 1228 3532 proxime
1293 3449 1569 3532 accedit,
1633 3453 1709 3513 ut
1771 3450 2087 3514 secundus
2141 3451 2253 3527 sit,
2318 3447 2400 3512 ad
