2609 3884
712 132 847 187 ΜΒ.
885 132 952 187 v.
1009 131 1162 188 cAP.
1201 138 1445 188 29—31.
1507 136 1539 197 s
1574 137 1815 188 82—88.
2056 104 2064 113 ’
2143 132 2276 196 455

259 292 515 379 Stoicis,
550 316 824 378 quorum
859 293 1021 359 satis
1056 293 1280 358 videor
1316 293 1678 358 defendisse
1715 294 2117 366 sententiam.
2186 292 2278 357 Et

262 381 837 465 Peripateticorum
903 382 1155 465 quidem
1220 382 1541 465 explicata
1604 400 1799 447 causa
1860 384 1959 445 est
2019 384 2277 465 praeter

261 468 809 554 Theophrastum,
857 473 923 535 et
967 468 1026 535 si
1070 469 1179 553 qui
1222 469 1405 534 illum
1452 468 1657 534 secuti
1700 468 2083 535 imbecillius
2127 468 2276 533 hor-

263 560 408 621 rent
467 557 756 624 dolorem
819 560 886 623 et
946 556 1396 640 reformidant3
1469 556 1731 640 reliquis
1797 556 2056 642 quidem
2126 556 2279 621 licet

51 639 98 659 ”’
203 671 237 713 ⁶
263 644 475 710 facere
509 645 602 730 id,
647 645 818 730 quod
853 642 985 709 fere
1019 643 1295 728 faciunt,
1333 647 1407 708 ut
1441 645 1831 730 gravitatem
1867 644 2276 729 dignitatem-

264 754 387 817 que
439 733 702 799 virtutis
758 735 1163 819 exaggerent.
1268 731 1475 809 Quam
1530 753 1675 797 cum
1730 732 1812 797 ad
1865 733 2113 798 caelum
2170 754 2278 797 ex-

262 820 577 904 tulerunt,
632 820 801 905 quod
843 820 1055 886 facere
1100 821 1472 903 eloquentes
1531 820 1825 886 homines
1871 820 2129 904 copiose
2178 842 2275 886 so-

261 908 424 991 lent,
477 908 725 993 reliqua
770 930 848 974 ex
892 908 1257 975 conlatione
1311 907 1502 973 facile
1557 910 1657 973 est
1710 911 2038 973 conterere
2085 912 2276 992 atque

69 1064 80 1088 r
263 998 688 1062 contemnere.
774 995 913 1062 Nec
959 996 1134 1061 enim
1177 996 1336 1061 licet
1376 996 1483 1079 iis,
1530 996 1641 1080 qui
1683 995 1939 1061 laudem
1978 1018 2123 1061 cum
2168 996 2275 1062 do-

171 1110 232 1151 ιο
260 1084 400 1150 lore
462 1084 806 1167 petendam
860 1104 998 1149 esse
1054 1084 1298 1168 dicant,
1361 1104 1598 1169 negare
1654 1105 1762 1150 eos
1828 1105 1969 1149 esse
2031 1082 2278 1168 beatos,

260 1172 374 1256 qui
417 1172 597 1235 illam
643 1171 864 1255 adepti
909 1175 1077 1238 sunt.
1167 1171 1570 1256 Quamquam
1616 1172 1789 1237 enim
1844 1172 1977 1237 sint
2030 1172 2099 1237 in
2144 1172 2278 1256 qui·

259 1258 536 1324 busdam
582 1258 798 1343 malis,
852 1262 1073 1323 tamen
1115 1258 1242 1324 hoc
1284 1282 1521 1325 nomen
1564 1260 1740 1325 beati
1796 1260 1989 1345 longe
2036 1264 2102 1325 et
2144 1262 2275 1326 late

59 556 96 568 a„

260 1350 466 1430 patet.

393 1433 459 1501 N
461 1455 566 1499 am
627 1436 704 1498 ut
763 1436 1150 1518 quaestuosa
1214 1436 1604 1517 mercatura,
1671 1405 2002 1498 fructuosa
2066 1434 2272 1500 aratio
2296 1396 2382 1521 ἑὲ

173 1548 232 1590 15
262 1520 524 1605 dicitur,
585 1542 720 1586 non
782 1522 841 1586 si
903 1520 1109 1585 altera
1172 1542 1426 1605 semper
1488 1520 1668 1586 omni
1739 1520 2001 1605 damno,
2072 1522 2279 1587 altera

41 1610 76 1645 Ε·
153 1660 158 1663 -
263 1610 444 1675 omni
515 1608 922 1693 tempestatis
994 1609 1363 1674 calamitate
1434 1630 1687 1692 semper
1758 1612 1975 1691 vacat,
2046 1608 2159 1673 sed
2222 1610 2277 1674 si

41 1692 76 1734 ‘³⁶‘
261 1697 470 1763 multo
516 1698 760 1763 maiore
802 1720 880 1763 ex
924 1699 1110 1780 parte
1155 1700 1367 1762 exstat
1409 1697 1481 1761 in
1524 1700 1797 1781 utraque
1841 1695 2140 1780 felicitas,
2184 1697 2278 1763 sic

260 1786 398 1849 vita
448 1806 582 1851 non
635 1786 846 1851 solum
900 1786 958 1849 si
1011 1784 1290 1869 undique
1344 1784 1587 1849 referta
1639 1783 1829 1849 bonis
1877 1787 2003 1868 est,
2058 1783 2170 1849 sed
2218 1784 2276 1849 si

260 1873 466 1939 multo
520 1874 766 1939 maiore
812 1876 879 1938 et
931 1874 1230 1957 graviore
1277 1893 1355 1938 ex
1399 1875 1585 1956 parte
1638 1872 1811 1937 bona
1857 1872 2276 1956 propendent,

177 1987 236 2027 20
261 1959 456 2025 beata
490 1965 665 2026 recte
700 1961 825 2025 dici
861 1962 1093 2044 potest.
1166 1957 1481 2043 Sequetur
1516 1959 1722 2044 igitur
1756 1959 1989 2025 horum
2023 1961 2274 2026 ratione
2311 1980 2379 2030 8⁷

42 2041 72 2087 ΒΕ
259 2048 365 2113 vel
425 2046 507 2111 ad
570 2047 958 2132 supplicium
1018 2048 1212 2113 'beata
1281 2048 1421 2113 vita
1482 2048 1787 2112 virtutem
1856 2069 2127 2132 cumque
2199 2069 2277 2113 ea

261 2134 658 2201 descendet
637 2158 706 2199 m
741 2139 1001 2201 taurum
1036 2136 1425 2220 Aristotele,
1468 2134 1855 2219 Xenocrate,
1898 2133 2275 2220 Speusippo,

260 2222 611 2289 Polemone
685 2224 1050 2289 auctoribus
1123 2244 1242 2289 nec
1316 2244 1460 2289 eam
1524 2223 1744 2309 miniS,
1816 2224 2273 2289 blandimentis

43 2306 68 2354 Ε
262 2315 569 2395 corrupta
612 2310 882 2377 deseret.
950 2310 1197 2376 Eadem
1235 2308 1671 2396 Calliphontis
1716 2311 1842 2377 erit
1880 2312 2275 2396 Diodorique

41 2394 66 2443 Ε
179 2422 236 2464 2⁵
263 2398 604 2483 sententia,
640 2420 914 2484 quorum
950 2402 1217 2483 uterque
1251 2400 1660 2465 honestatem
1689 2399 1781 2465 sic
1808 2400 2276 2483 complectitur,

43 2482 64 2527 Ε
261 2490 336 2551 ut
398 2486 642 2572 omnia,
705 2506 870 2571 quae
932 2486 1071 2551 sine
1134 2508 1212 2551 ea
1275 2487 1431 2570 sint,
1494 2487 1688 2572 longe
1744 2490 1918 2551 retro
1977 2486 2275 2569 ponenda

42 2574 62 2655 Ε
261 2578 536 2639 censeat.
637 2573 899 2658 Reliqui
951 2571 1188 2638 habere
1244 2594 1313 2637 se
1365 2536 1665 2639 videntur
1708 2573 2073 2659 angustius,
2128 2594 2273 2638 ena-

45 2664 54 2675 ‘
259 2664 408 2726 tant
460 2664 705 2747 tamen,
765 2660 1114 2746 Epicurus,
1175 2660 1639 2746 Hieronymus,
1700 2664 1766 2726 et
1819 2660 1876 2727 si
1938 2661 2051 2745 qui
2104 2666 2275 2745 sunt,

260 2749 371 2832 qui
451 2750 776 2815 desertum
853 2749 1015 2815 illud
1095 2747 1533 2815 Carneadeum
1615 2751 1840 2814 curent
1917 2711 2292 2816 defendere.'

49 2836 58 2877 Ε
177 2862 234 2904 so
256 2836 468 2903 Nemo
524 2842 626 2904 est
669 2837 842 2903 enim
886 2858 1134 2920 eorum,
1187 2836 1343 2921 quin
1397 2836 1714 2902 bonorum
1760 2836 2047 2902 animum
2089 2840 2275 2921 putet

42 2922 56 2943 ‘
242 2931 401 2990 'esse
445 2925 721 2991 iudicem
767 2946 1038 3009 eumque
1083 2924 1586 3007 condocefaciat,
1629 2926 1705 2989 ut
1749 2946 1851 3008 ea,
1896 2946 2059 3010 quae
2104 2925 2275 2990 bona

259 3013 514 3078 malave
557 3014 925 3098 videantur,
967 3012 1179 3096 possit
1221 3014 1644 3077 contemnere.
1724 3010 1896 3077 Nam
1940 3033 2104 3097 quae
2148 3013 2272 3077 tibi
2306 3032 2377 3082 88

257 3098 526 3182 Epicuri
577 3101 859 3187 videtur,
915 3100 1140 3166 eadem
1195 3100 1321 3165 erit
1372 3098 1749 3183 Hieronymi
1806 3104 1870 3164 et
1924 3098 2269 3166 Carneadis

41 3254 49 3273 f
259 3207 457 3252 causa
483 3190 550 3251 et
583 3188 842 3254 hercule
871 3188 1162 3253 omnium
1187 3186 1598 3272 reliquorum.
1658 3187 1813 3264 Quis
1843 3188 2013 3252 enim
2041 3209 2270 3269 parum

41 3274 50 3319 Ε
175 3300 230 3341 85
259 3278 357 3339 est
411 3277 636 3341 contra
688 3279 965 3342 mortem
1020 3279 1136 3342 aut
1189 3275 1476 3342 dolorem
1524 3275 1835 3360 paratus?
1927 3274 2273 3340 Ordiamur

42 3374 45 3381 “
257 3360 380 3513 gb·
406 3384 510 3447 eo,
574 3364 632 3429 si
693 3366 934 3449 placet,
997 3384 1186 3449 quem
1239 3364 1531 3450 mollem,
1587 3384 1775 3449 quem
1834 3362 2269 3448 voluptarium

299 3450 546 3519 mimus.
