2609 3884
386 220 521 285 422
778 217 1377 278 TUSCULANARUM
1409 216 2019 274 DISPUTATIONUM

388 383 661 448 dicimus
723 381 929 447 exisse
991 381 1070 446 de
1131 382 1488 464 potestate,
1547 378 1615 444 id
1677 381 1780 444 est
1841 377 1922 444 de
1976 378 2280 463 consilio,
2342 377 2421 444 de

388 471 668 555 ratione,
732 469 811 534 de
874 471 1116 553 ιιιειιῇε;
1180 468 1417 534 horum
1479 467 1654 532 enim
1716 469 2012 550 potestas
2073 467 2154 531 ιἰι
2203 469 2422 532 totum

287 571 353 624 78
392 559 676 624 animum
722 579 863 622 esse
908 557 1119 623 debet.
1206 555 1333 621 His
1381 560 1496 622 aut
1541 554 1965 622 subtrahendi
2011 558 2165 620 sunt
2209 554 2300 639 ei,
2353 555 2423 620 in

391 669 553 732 quos
598 647 912 731 impetum
950 647 1264 711 conantur
1300 644 1543 728 facere,
1588 642 1743 709 dum
1779 665 1850 708 se
1893 643 2024 728 ipsi
2060 644 2420 729 conligant,

391 734 574 821 (quid
638 737 738 799 est
802 736 1020 798 autem
1075 754 1144 798 se
1206 732 1425 817 ipsum
1487 731 1792 817 colligere
1853 731 1983 796 nisi
2046 730 2418 816 dissupatas
2444 756 2469 795 ⁵

390 823 592 888 animi
634 822 842 909 partis
886 843 1147 886 rursum
1188 821 1262 885 in
1306 842 1496 885 suum
1539 819 1757 886 locum
1803 840 2033 905 cogere
2046 817 2110 906 P)
2157 823 2274 885 aut
2316 841 2420 884 re-

388 910 589 996 gandi
634 909 984 995 orandique
1031 910 1207 988 sunt,
1262 912 1364 992 ut,
1419 908 1476 973 si
1531 929 1726 993 quam
1770 908 2018 973 habent
2059 907 2420 973 ulciscendi

387 1000 550 1082 vim,
606 997 907 1063 differant
957 997 1026 1062 in
1078 1000 1336 1080 tempus
1390 995 1592 1075 aliud,
1649 995 1803 1061 dum
1857 995 2259 1061 defervescat
2301 996 2420 1061 ira.

386 1086 845 1152 Defervescere
918 1087 1137 1150 autem
1210 1088 1385 1150 certe
1449 1084 1776 1168 significat
1849 1084 2145 1149 ardorem
2213 1085 2420 1149 animi

388 1174 596 1239 invita
663 1173 916 1238 ratione
988 1172 1361 1238 excitatum.
1492 1171 1595 1237 Ex
1668 1193 1792 1256 quo
1869 1171 2035 1237 illud
2111 1171 2420 1238 laudatur
2445 1198 2494 1238 10

387 1260 744 1344 Archytae,
799 1261 911 1345 qui
965 1281 1112 1326 cum
1164 1261 1360 1325 vilico
1409 1259 1620 1325 factus
1682 1262 1853 1325 esset
1909 1259 2166 1346 iratior,
2222 1258 2417 1337 Quo

386 1353 461 1414 te
547 1347 797 1415 modo'
807 1399 825 1434 ‚
907 1349 1156 1433 inquit,
1240 1347 1832 1434 ‘accepissem‚
1921 1348 2077 1414 nisi
2165 1349 2416 1414 iratus
2499 1349 2507 1354 ’

284 1497 325 1562 3
332 1497 367 1560 7
391 1459 425 1502 θ
438 1459 468 1503 s
482 1435 697 1592 elffii!
710 1527 861 1590 sunt
906 1544 1061 1611 ergo
1106 1524 1248 1609 isti,
1302 1525 1414 1608 qui
1473 1524 1872 1590 iracundiam
1916 1523 2147 1589 utilem
2193 1523 2420 1589 dieunt

292 1575 635 1702 ⁷⁹(potest
668 1613 847 1678 utilis
888 1634 1033 1678 esse
1077 1611 1404 1698 insania?)
1451 1616 1566 1677 aut
1608 1611 2014 1678 naturalem?
2083 1611 2193 1676 Αιι
2237 1613 2415 1697 quic·
2442 1639 2490 1679 15

389 1724 586 1787 quam
630 1705 732 1766 est
767 1701 1116 1767 secundum
1159 1703 1494 1785 naturam,
1540 1699 1713 1784 quod
1757 1701 1836 1765 fit
1868 1703 2276 1786 repugnante
2312 1723 2417 1766 ra-

386 1788 609 1854 tione?
663 1811 790 1874 quo
845 1789 1038 1855 modo
1095 1791 1340 1869 autem,
1397 1789 1454 1854 si
1507 1789 1826 1854 naturalis
1884 1791 2054 1854 esset
2105 1789 2235 1874 ira,
2303 1792 2419 1855 aut

390 1877 556 1943 alius
619 1877 751 1950 alic,
800 1877 1012 1962 magis
1065 1839 1410 1942 iracundus
1467 1879 1663 1961 esset,
1719 1880 1831 1942 aut
1887 1878 2084 1942 finem
2144 1876 2418 1942 haberet

386 1966 594 2050 prius,
648 1985 845 2049 quam
901 1968 1073 2030 esset
1124 1966 1287 2050 ulta,
1341 1965 1693 2030 ulciscendi
1737 1965 1970 2049 libido,
2033 1969 2147 2030 aut
2192 1987 2417 2051 quem·

388 2075 585 2137 quam
627 2053 1014 2137 paeniteret,
1068 2052 1239 2137 quod
1284 2053 1547 2118 fecisset
1587 2075 1705 2138 per
1748 2052 1960 2118 iram?
2010 2056 2087 2119 ut
2128 2053 2411 2119 Alexan-
2439 2081 2490 2121 ιο

387 2141 575 2205 drum
627 2160 850 2224 regem
902 2141 1221 2225 videmUS,
1282 2142 1396 2225 qui
1461 2162 1609 2206 cum
1669 2141 2110 2207 interemisset
2168 2140 2414 2208 Clitum

384 2227 775 2291 familiarem
819 2248 1035 2307 suum,
1079 2228 1187 2292 vix
1224 2249 1265 2292 a
1299 2249 1370 2293 se
1415 2250 1643 2295 manus
1690 2230 2036 2316 abstinuit3
2082 2233 2273 2295 tanta
2311 2231 2412 2296 vis

384 2315 513 2380 fuit
554 2313 945 2399 paenitendi.
1030 2314 1275 2390 Quibus
1324 2317 1604 2418 cognitis
1649 2319 1794 2402 quis
1840 2322 1943 2384 est
1983 2318 2094 2404 qui
2139 2318 2414 2403 dubitet,

387 2403 544 2488 quin
594 2402 703 2468 hic
756 2423 1010 2488 quoque
1054 2407 1271 2469 motus
1319 2405 1522 2470 animi
1567 2406 1657 2471 sit
1715 2408 1894 2472 totus
1941 2406 2292 2490 opinabilis
2339 2429 2416 2472 ac

386 2491 836 2558 voluntarius?
917 2490 1077 2568 Quis
1122 2492 1296 2557 enim
1342 2493 1682 2578 dubitarit,
1728 2494 1885 2578 quin
1930 2494 2412 2580 aegrotationes
2440 2521 2490 2562 25

387 2579 614 2666 animi,
673 2579 885 2666 qualis
944 2582 1046 2645 est
1104 2581 1406 2661 avaritia,
1465 2582 1714 2666 gloriae
1773 2582 2256 2667 cupidita8,e1
2315 2605 2412 2666 e0,
2476 2619 2484 2628 ·

384 2667 557 2752 quod
601 2669 822 2754 magni
868 2671 1264 2735 aestumetur
1309 2690 1387 2734 ea
1427 2692 1559 2755 res,
1604 2692 1681 2735 ex
1726 2692 1854 2754 qua
1891 2671 2143 2736 animus
2183 2691 2410 2756 aegre·

385 2759 513 2840 tat,
577 2756 914 2822 oriantur?
1020 2756 1209 2824 Unde
1262 2757 1555 2843 intellegi
1608 2758 1802 2823 debet
1852 2759 2410 2843 perturbationem

278 2861 349 2912 80
387 2865 641 2927 quoque
695 2865 952 2910 omnem
1005 2866 1145 2910 esse
1188 2846 1263 2909 in
1308 2846 1630 2929 opinione.
1733 2843 1824 2911 Et
1878 2848 1937 2912 si
1989 2847 2287 2926 fidentia,
2342 2848 2410 2912 id

386 2933 489 2995 est
548 2931 739 2995 firma
803 2932 1006 2997 animi
1076 2933 1372 3019 confisio‚
1444 2934 1716 2999 scientia
1787 2936 2104 3019 quaedam
2176 2897 2287 3000 est,
2343 2939 2411 3001 et
2435 2962 2486 3002 ιο

385 3017 604 3100 opinio
650 3019 873 3101 gravis
914 3041 1046 3085 non
1093 3025 1334 3087 temere
1381 3022 1832 3106 adsentientis,
1887 3025 2097 3088 metus
2152 3045 2409 3109 quoque

384 3108 486 3170 est
538 3103 899 3170 diffidentia
957 3111 1277 3192 expectati
1341 3113 1407 3175 et
1468 3110 1874 3194 inpendentis
1935 3111 2124 3196 mali,
2188 3115 2284 3195 et,
2349 3112 2409 3177 si

384 3213 533 3276 spes
606 3195 708 3257 est
782 3195 1144 3277 expectatio
1219 3198 1406 3282 boni,
1468 3199 1627 3264 mali
1691 3199 2207 3284 expectationem
2263 3221 2409 3265 esse

380 3301 644 3344 necesse
680 3283 783 3345 est
817 3285 1079 3348 metum.
1153 3281 1301 3349 Ut
1280 3307 1305 3348 1
1306 3286 1486 3370 gitur
1523 3289 1764 3371 metus,
1811 3287 1904 3352 sic
1938 3287 2230 3372 reliquae
2262 3310 2407 3390 per·

380 3365 792 3468 turbationes
839 3373 991 3434 sunt
1032 3371 1101 3436 in
1145 3306 1352 3436 malog
1434 3373 1614 3460 Ergo
1660 3378 1735 3440 ut
1779 3377 2154 3441 constantia
2199 3376 2406 3441 scien·
2433 3401 2486 3444 ιε

380 3451 537 3530 tiae,
592 3453 686 3519 sie
739 3457 1142 3540 perturbatio
1196 3461 1456 3526 erroris
1488 3467 1604 3526 est.
1707 3461 1834 3537 Qui
1889 3467 2106 3528 autem
2167 3467 2410 3529 natura

380 3536 678 3606 dicuntur
719 3543 1011 3609 iracundi
1056 3547 1169 3609 aut
1213 3546 1659 3614 misericordes
1707 3552 1821 3616 aut
1863 3551 2067 3616 invidi
2111 3554 2225 3616 aut
2269 3553 2409 3618 tale
