2609 3884
635 127 778 183 LIB.
817 127 917 185 IV.
969 126 1122 181 CAP-
1160 131 1405 181 31-34.
1462 131 1493 192 ὅ
1530 132 1777 183 6Ἷ-72.
2091 127 2225 192 419

338 288 464 355 Sed
506 293 734 374 poetas
777 288 998 354 ludere
1035 288 1349 371 sinamus,
1394 309 1668 373 quorum
1702 288 1943 354 fabulis
1988 289 2059 355 in
2100 288 2227 355 hoc
2245 268 2330 333 33

203 378 456 464 flagitio
501 378 748 442 versari
792 377 1008 460 ipsum
1051 375 1345 441 videmus
1390 374 1638 442 Iovem.
1720 376 1827 442 Ad
1874 376 2225 463 magistros
2256 345 2324 395 ⁷⁰

203 466 462 531 virtutis
529 464 955 549 philosophos
1015 464 1383 547 -veniamuS‚
1454 463 1566 549 qui
1629 485 1917 529 amorem
1984 468 2230 550 negant

207 554 418 639 stupri
471 574 614 618 esse
667 556 735 617 et
786 552 860 616 in
913 572 988 615 eo
1043 552 1314 637 litigant
1367 572 1515 615 cum
1559 550 1843 635 Epicuro
1887 573 2021 618 non
2066 553 2229 618 mul-

151 666 178 707 5
204 644 372 725 tum,
425 644 501 706 ut
553 640 776 725 opinio
824 661 970 704 mea
1023 639 1179 718 fert,
1232 639 1605 704 mentiente.
1695 638 1853 716 Quis
1910 643 2012 705 est
2054 640 2228 705 enim

204 730 329 794 iste
376 749 558 793 amor
615 726 983 793 amicitiae?
1037 747 1150 791 cur
1202 748 1413 811 neque
1462 726 1815 792 deformem
1860 727 2227 793 adulescen-

204 821 339 883 tem
396 816 734 901 quisquam
789 817 969 881 amat
1018 835 1226 899 neque
1279 814 1639 881 formosum
1692 814 1957 881 senem?
2060 815 2231 881 Mihi

205 904 464 991 quidem
500 903 662 968 haec
705 903 776 967 in
813 901 1203 967 Graecorum
1239 902 1602 987 gymnasiis
1638 907 1797 968 nata
1832 903 2229 970 consuetudo

203 992 488 1076 videtur,
529 991 601 1055 in
647 991 882 1075 quibus
924 990 1039 1055 isti
1081 990 1276 1057 liberi
1321 993 1388 1055 et
1432 991 1719 1056 concessi
1764 995 1917 1057 sunt
1959 1012 2229 1058 amores,
2292 1051 2294 1054 .

117 1106 175 1145 ιο
203 1080 380 1147 Bene
427 1100 582 1165 ergo
628 1078 910 1145 Ennius:

43 1133 56 1175 v·-
31 954 56 1088 g-‘2-
31 866 56 927 “OE
31 742 54 787 Ε

31 1222 56 1355 ζ
291 1201 594 1287 Flagiti
630 1199 1096 1285 principium
1125 1204 1243 1266 est
1267 1202 1553 1267 nudare
1589 1198 1796 1266 inter
1831 1202 2026 1267 civis
2064 1204 2229 1268 c6r-

1846 1311 2051 1374 pora.

31 1402 56 1446 ,fl

207 1431 334 1508 Qui
383 1434 460 1495 ut
511 1430 670 1514 sint,
725 1428 898 1514 quod
951 1429 1094 1494 fieri
1144 1450 1339 1513 posse
1392 1429 1606 1515 video,
1664 1428 1909 1514 pudici,
1963 1430 2231 1495 solliciti

204 1524 428 1586 tamen
473 1521 540 1582 et
584 1517 761 1583 anxii
807 1519 984 1600 sunt,
1030 1538 1234 1603 eoque
1277 1518 1515 1603 magis,
1574 1518 1747 1602 quod
1792 1538 1864 1582 se
1904 1517 2032 1601 ipsi
2076 1538 2227 1583 con-

31 1606 50 1699 f:
204 1608 417 1673 tinent
463 1609 530 1670 et
575 1608 888 1671 coercent.
959 1603 1204 1690 Atque,
1245 1607 1321 1670 ut
1365 1605 1698 1670 muliebris
1739 1626 1991 1671 amores
2037 1606 2225 1671 omit·
2264 1614 2325 1665 ⁷1

47 1694 54 1733 f
120 1719 176 1761 15
205 1700 371 1779 tam,
415 1693 652 1779 quibus
693 1693 1007 1758 maiorem
1051 1692 1385 1758 licentiam
1421 1696 1659 1757 natura
1696 1693 2039 1773 concessit,
2083 1694 2227 1777 quis

205 1787 320 1849 aut
373 1780 451 1847 de
506 1780 872 1867 Ganymedi
921 1782 1118 1865 raptu
1169 1781 1451 1865 dubitat,
1509 1779 1662 1865 quid
1713 1784 1945 1865 poetae
2006 1782 2227 1865 velint,

205 1874 322 1937 aut
361 1891 496 1935 non
537 1869 886 1955 intellegit,
941 1866 1095 1952 quid
1149 1868 1325 1952 apud
1368 1867 1747 1952 Euripidem
1801 1871 1868 1932 et
1922 1868 2229 1952 loquatur

205 1964 275 2025 et
327 1958 550 2042 cupiat
598 1956 838 2022 Laius?
948 1956 1118 2033 Quid
1171 1957 1448 2041 denique
1503 1955 1799 2021 homines
1865 1955 2228 2021 doctissimi

208 2049 276 2111 et
329 2046 563 2111 summi
613 2047 843 2128 poetae
899 2042 978 2109 de
1031 2066 1100 2110 se
1156 2044 1322 2129 ipsis
1366 2047 1433 2109 et
1478 2043 1871 2109 carminibus
1918 2042 2119 2109 edunt
2161 2047 2229 2108 et

31 2158 34 2171 ·
120 2160 178 2199 20
208 2131 550 2199 cantibus?
622 2131 839 2197 Fortis
884 2132 984 2196 vir
1026 2132 1098 2197 in
1141 2154 1260 2197 sua
1299 2152 1371 2196 re
1413 2131 1675 2215 publica
1720 2130 2017 2216 cognitus
2062 2153 2226 2217 quae

31 2236 36 2277 1
206 2222 286 2287 de
329 2220 638 2286 iuvenum
680 2239 902 2284 amore
945 2220 1172 2285 scribit
1205 2218 1483 2284 Alcaeus
1494 2220 1516 2284 1.
1582 2218 1756 2285 Nam
1793 2218 2226 2285 Anacreontis

31 2302 34 2319 '
209 2307 467 2394 quidem
491 2310 636 2374 tota
661 2307 874 2390 poesis
901 2310 1006 2371 est
1029 2308 1365 2373 amatoria.
1424 2306 1725 2379 Maxume
1755 2329 1907 2372 vero
1938 2307 2227 2372 omnium

31 2442 48 2487 ς
205 2398 517 2483 flagrasse
562 2415 780 2460 amore
823 2394 1148 2479 Reginum
1189 2394 1465 2479 Ichum
1510 2398 1784 2479 apparet
1828 2416 1906 2459 ex
1950 2395 2227 2479 scriptis.

31 2531 46 2578 5
341 2482 560 2569 Atque
585 2482 820 2548 horum
847 2482 1140 2547 omnium
1170 2482 1573 2548 lubidinosos
1603 2503 1744 2547 esse
1772 2503 2024 2547 amores
2050 2482 2225 2547 vide-
2244 2486 2333 2551 34

31 2626 40 2667 ι
122 2596 182 2639 25
209 2594 372 2637 mus.
478 2568 864 2656 Philosophi
927 2590 1150 2635 sumus
1213 2570 1451 2655 exorti,
1514 2574 1581 2635 et
1642 2573 1905 2635 auctore
1968 2568 2227 2654 quidem

209 2663 436 2731 nostro
470 2657 774 2742 Platone,
810 2679 1002 2743 quem
1037 2679 1170 2723 non
1204 2658 1445 2723 iniuria
1478 2658 1913 2723 Dicaearchus
1951 2660 2228 2743 accusat,

211 2747 322 2833 qui
378 2746 588 2813 amori
641 2746 1099 2812 auctoritatem
1148 2746 1597 2812 tribueremus.
1697 2744 1904 2811 Stoici
1955 2766 2110 2811 vero
2162 2750 2229 2811 et
2266 2756 2332 2806 72

211 2836 575 2922 sapientem
632 2836 1002 2899 amaturum
1063 2854 1204 2899 esse
1267 2834 1489 2899 dieunt
1542 2837 1611 2898 et
1665 2854 1954 2899 amorem
2010 2833 2227 2918 ipsum

212 2922 232 2953 ‘
245 2927 549 2989 conatum
593 2922 918 2987 amicitiae
962 2920 1296 2989 faciendae
1332 2943 1417 2987 ex
1445 2921 1943 3006 pulchritudinis
1986 2919 2228 3007 specie'

121 3038 185 3079 so
212 3012 538 3077 definiunt.
613 3010 738 3089 Qui
785 3010 842 3075 si
885 3010 1030 3095 quis
1077 3013 1178 3075 est
1221 3010 1289 3075 in
1332 3031 1548 3074 rerum
1591 3013 1827 3075 natura
1869 3010 2009 3075 sine
2056 3010 2229 3075 solli-

212 3098 520 3183 citudine,
575 3099 714 3165 sine
768 3097 1114 3178 desiderio,
1167 3098 1309 3163 sine
1364 3118 1542 3181 cura,
1596 3098 1735 3163 sine
1785 3097 2065 3183 suspirio
2072 3145 2093 3180 ‚
2142 3096 2232 3160 sit

213 3208 395 3271 sane3
447 3190 640 3251 vacat
691 3186 865 3249 enim
913 3186 1091 3251 omni
1133 3184 1427 3270 libidin03
1480 3185 1641 3252 haec
1686 3186 1903 3251 autem
1947 3184 2027 3248 de
2084 3182 2230 3246 libi-

213 3274 359 3341 dine
414 3274 628 3339 oratio
683 3277 800 3338 est.
899 3270 1015 3337 Sin
1059 3275 1274 3336 autem
1329 3276 1429 3338 est
1473 3272 1707 3356 aliquis
1756 3293 1961 3355 amor,
2012 3272 2087 3334 ut
2132 3272 2233 3333 est

214 3365 413 3447 certe,
479 3360 600 3446 qui.
652 3359 817 3425 nihil
873 3360 1048 3424 absit
1100 3364 1216 3425 aut
1273 3382 1408 3427 non
1468 3361 1749 3425 multum
1812 3360 1897 3423 ab
1958 3356 2234 3442 insania,

32 3458 34 3469 '
125 3474 184 3517 35
213 3450 422 3537 qualis
461 3450 538 3515 'in
581 3446 905 3513 Leucadia
957 3450 1082 3513 est:

566 3560 587 3575 ⁴
1765 3600 1772 3607 .
1802 3547 1913 3605 2¹1*
