2609 3884
647 166 781 222 LIB.
817 166 914 221 IH.
970 165 1125 221 CAP.
1166 172 1410 222 13—15.
1466 172 1497 233 5
1534 172 1779 221 44—50.
2090 169 2216 233 189

178 326 383 390 iidem
461 327 593 393 hoc
666 349 807 392 esse
873 327 1134 412 dicturi,
1203 328 1447 393 bonam
1509 332 1785 393 mortem
1850 332 1916 394 et
1974 329 2217 395 bonum

175 418 458 497 partum
518 416 852 480 meliorem
907 417 1175 501 longum
1231 438 1372 481 esse
1435 439 1629 501 quam
1686 418 1965 481 brevem.
2066 417 2220 484 Non

177 503 412 567 vident
442 504 578 568 alia
612 504 930 569 brevitate
965 505 1171 588 pluris
1211 505 1564 587 aestimari,
1602 506 1733 569 alia
1774 506 2217 570 diuturnitate.

177 590 417 675 Itaque
459 596 965 658 consentaneum
1013 596 1113 658 est
1154 592 1289 675 his,
1337 614 1498 676 quae
1537 593 1709 657 dicta
1746 596 1922 676 sunt,
1966 594 2217 657 ratione
2254 610 2324 659 48

127 704 152 743 ε
178 678 489 758 illorum,
548 680 658 765 qui
711 681 899 745 illum
951 681 1271 746 bonorum
1326 682 1548 761 finem,
1600 680 1772 765 quod
1817 681 2219 765 appellamus

180 770 589 853 extremum,
645 769 816 853 quod
871 769 1203 851 ultimum,
1259 790 1544 833 crescere
1597 772 1831 852 putent
1880 790 2073 852 posse
2134 805 2219 816 —

177 856 398 920 isdem
467 857 724 939 plaeere
797 878 937 922 esse
1000 858 1199 921 alium
1267 857 1397 921 alio
1464 857 1661 922 etiam
1738 857 2221 941 sapientiorem,

177 943 482 1029 itemque
526 945 729 1009 alium
772 946 980 1029 magis
1019 946 1148 1009 alio
1185 946 1289 1010 vel
1333 966 1600 1029 peccare
1635 945 1739 1010 vel
1773 948 1949 1010 recte
1990 946 2222 1030 facere,

179 1032 361 1115 quod
431 1033 624 1097 nobis
686 1053 820 1098 11011
879 1034 1034 1098 licet
1088 1033 1323 1115 dicere,
1388 1034 1499 1117 qui
1554 1053 1836 1098 crescere
1899 1033 2221 1098 bonorum

107 1147 154 1186 ιο
179 1121 389 1185 finem
443 1142 578 1185 non
629 1124 953 1204 putamus,
1050 1120 1144 1186 Ut
1197 1122 1397 1204 enim,
1454 1122 1564 1205 qui
1620 1121 1895 1186 demersi
1943 1126 2093 1187 sunt
2150 1123 2223 1187 in

182 1230 389 1293 aqua,
445 1208 653 1274 nihilo
709 1210 922 1295 magis
977 1209 1298 1293 respirare
1351 1213 1657 1294 possunt,
1722 1211 1779 1275 si
1839 1232 1974 1275 11011
2026 1211 2221 1295 longe

184 1298 442 1361 absunt
496 1319 537 1361 a
590 1318 870 1380 summo,
923 1300 1002 1361 ut
1051 1298 1182 1361 iam
1237 1298 1495 1381 iamque
1556 1298 1813 1381 possint
1875 1320 2222 1383 emergere,

185 1408 394 1470 quam
453 1386 509 1449 si
563 1386 760 1449 etiam
812 1390 956 1451 tum
1012 1388 1228 1449 essent
1281 1386 1355 1449 in
1398 1386 1747 1470 profundO,
1801 1407 1924 1451 nec
1969 1386 2221 1451 catulus

185 1474 334 1558 ille,
385 1474 497 1558 qui
534 1472 666 1537 iam
705 1474 1186 1557 appropinquat
1220 1476 1296 1537 ut
1330 1473 1566 1556 videat,
1600 1475 1746 1557 plus
1786 1474 1991 1538 cernit
2026 1496 2221 1558 quam

114 1563 274 1639 1518,
325 1562 444 1646 qui
480 1561 673 1627 modo
713 1566 812 1625 est
845 1566 1060 1646 natus,
1103 1562 1278 1645 item,
1326 1562 1435 1645 qui
1467 1562 1783 1645 processit
1818 1562 2222 1645 aliquantum

191 1651 277 1715 ad
313 1650 584 1715 virtutis
622 1649 949 1734 habitum,
993 1650 1201 1714 nihilo
1239 1650 1453 1714 minus
1490 1649 1559 1713 in
1594 1649 1856 1713 miseria
1892 1653 1993 1713 est
2028 1671 2224 1733 quam

190 1740 334 1822 ille,
383 1739 495 1822 qui
541 1737 707 1802 nihil
751 1738 1086 1821 processit.

331 1824 516 1891 Haec
560 1825 885 1890 mirabilia
928 1826 1137 1892 videri
1179 1826 1521 1910 intellego,
1567 1825 1680 1890 sed
1716 1846 1863 1889 cum
1900 1830 2073 1890 certe
2118 1847 2222 1889 su·
2245 1834 2327 1899 15

195 1916 460 1999 periora
501 1914 690 1978 firma
735 1936 810 1978 ac
854 1937 1008 1979 vera
1053 1915 1210 1997 sint,
1253 1914 1359 1978 his
1407 1917 1622 1977 autem
1670 1934 1747 1976 ea
1792 1916 2225 1978 consentanea

121 2028 172 2067 20
199 2008 266 2067 et
330 2002 819 2086 consequentia,
882 2024 965 2066 ne
1028 2003 1106 2066 de
1167 2005 1404 2067 horum
1468 2002 1726 2085 quidem
1791 2005 1891 2065 est
1948 2002 2224 2067 veritate

199 2090 648 2157 dubitandum.
725 2088 848 2155 Sed
896 2113 1287 2175 quamquam
1331 2093 1580 2173 negant
1623 2111 1743 2154 nec
1788 2090 2062 2154 virtutes
2106 2112 2225 2156 nec

199 2181 366 2245 vitia
421 2199 729 2262 crescere,
781 2182 1002 2243 tamen
1047 2183 1390 2262 utrumque
1436 2199 1660 2242 eorum
1716 2178 1899 2242 fundi
1944 2177 2225 2262 quodam

201 2269 394 2333 modo
453 2270 520 2331 et
573 2267 761 2351 quasi
816 2267 1074 2332 dilatari
1127 2270 1378 2349 putant.
1466 2264 1749 2331 Divitias
1806 2270 2025 2331 autem
2069 2266 2226 2331 Dio·
2261 2286 2326 2337 45

199 2376 400 2441 genes
467 2359 688 2419 censet
747 2376 878 2419 non
933 2377 1076 2418 eam
1130 2355 1325 2420 modo
1380 2354 1515 2419 vim
1576 2354 1844 2437 habere,
1906 2357 1983 2418 ut
2038 2354 2227 2438 quasi

128 2468 174 2507 25
200 2446 396 2510 duces
452 2444 585 2507 sint
640 2443 721 2507 ad
777 2443 1179 2526 voluptatem
1236 2446 1301 2506 et
1356 2443 1435 2506 ad
1490 2442 1923 2507 valetudinem
1969 2442 2227 2525 bonam,

203 2534 315 2597 sed
363 2532 564 2596 etiam
606 2531 704 2595 uti
749 2552 827 2595 ea
871 2531 1272 2614 contineant,
1328 2553 1459 2595 non
1512 2530 1684 2594 idem
1738 2530 1951 2593 facere
1998 2550 2107 2593 eas
2158 2529 2228 2593 in

201 2622 447 2685 virtute
509 2640 714 2703 neque
777 2620 848 2683 in
911 2619 1141 2683 ceteris
1207 2618 1483 2702 artibUS,
1548 2618 1630 2682 ad
1686 2638 1845 2701 quas
1900 2637 2039 2681 esse
2099 2616 2227 2680 dux

201 2708 482 2791 pecunia
533 2710 778 2791 potest,
842 2708 1172 2772 continere
1227 2710 1445 2771 autem
1506 2727 1637 2770 non
1700 2708 1947 2791 potest3
2007 2704 2226 2788 itaque

205 2797 263 2861 si
306 2798 613 2880 voluptas
653 2798 765 2859 aut
811 2795 867 2857 si
911 2794 1084 2859 bona
1126 2795 1430 2859 valetudo
1468 2794 1557 2858 sit
1590 2794 1660 2856 in
1696 2792 1913 2876 bonis,
1960 2792 2225 2857 divitias

130 2909 178 2948 ao
205 2906 459 2970 quoque
495 2884 566 2948 in
601 2882 792 2947 bonis
829 2904 972 2946 esse
1007 2882 1361 2966 ponendas,
1398 2885 1483 2965 at,
1531 2882 1587 2945 si
1626 2881 1947 2965 sapientia
1981 2881 2227 2946 bonum

207 2974 320 3056 sit,
365 2994 499 3037 non
543 2972 756 3055 sequi,
800 2974 878 3034 ut
913 2971 1108 3035 etiam
1156 2970 1417 3035 divitias
1454 2970 1698 3034 bonum
1736 2991 1876 3034 esse
1922 2969 2229 3034 dicamus.

205 3060 433 3145 Neque
489 3060 572 3124 ab
626 3060 765 3122 ulla
814 3079 912 3143 re,
966 3080 1130 3143 quae
1181 3080 1316 3123 11011
1370 3058 1458 3122 sit
1510 3058 1581 3121 111
1634 3058 1852 3141 boniS,
1906 3057 1999 3141 id,
2056 3057 2227 3142 quod

207 3150 296 3213 sit
355 3148 426 3213 in
487 3148 707 3225 bonis,
769 3146 1089 3211 contineri
1149 3150 1394 3230 potest,
1459 3145 1543 3209 ob
1607 3164 1876 3229 eamque
1949 3167 2229 3229 causam,

209 3237 361 3320 quia
423 3235 829 3320 cognitiones
894 3234 1539 3318 comprensionesque
1596 3255 1840 3315 rerum,
1903 3254 1937 3296 e
1992 3234 2226 3315 quibus

130 3349 181 3389 85
209 3325 578 3389 efficiuntur
631 3326 832 3405 arteS,
887 3322 1355 3406 appetitionem
1409 3324 1700 3405 movent,
1762 3342 1907 3384 cum
1962 3320 2226 3384 divitiae

209 3434 337 3476 11011
383 3413 515 3476 sint
558 3412 628 3475 in
673 3411 889 3488 boniS,
947 3411 1129 3475 nulla
1175 3431 1279 3474 ars
1336 3408 1583 3473 divitiis
1631 3408 1947 3472 contineri
1991 3410 2225 3489 potest.

213 3499 395 3575 Quod
453 3500 512 3564 si
564 3499 642 3562 de
699 3499 946 3563 artibus
1002 3498 1452 3580 concedamus,
1505 3495 1766 3559 virtutis
1820 3498 2041 3557 tamen
2093 3514 2225 3556 non
2262 3511 2331 3559 50
