2609 3884
604 148 740 207 Lm.
776 150 846 205 v.
900 148 1053 205 cAP.
1093 152 1359 205 ενι-πμ
1384 154 1416 215 5
1452 152 1767 239 ios-114.
2064 148 2195 215 463

50 356 52 367 ·
182 315 306 379 tus.
393 310 652 395 Loquor
711 311 882 375 enim
937 310 1016 376 de
1075 310 1264 376 docto
1318 311 1579 376 homine
1640 314 1707 376 et
1760 311 2035 396 erudito,
2092 312 2199 378 cui
2238 335 2242 340 ·

50 456 52 461 .
183 400 398 465 vivere
463 402 564 463 est
625 399 928 484 cogitare.
1019 395 1347 481 Sapientis
1410 402 1627 464 autem
1690 398 2001 485 cogitatio
2064 420 2199 465 non

50 566 52 571 ,
184 488 384 552 ferme
459 486 541 551 ad
611 486 1131 571 investigandum
1204 484 1471 552 adhibet
1541 486 1761 552 oculos
1832 487 2198 554 advocatos.

56 652 68 663 ,
181 575 446 641 Etenim
501 574 559 639 si
611 595 743 640 nox
793 595 925 639 non
978 572 1207 638 adimit
1256 572 1461 638 vitam
1510 574 1799 659 beatam,
1850 596 1964 641 cur
2015 573 2153 639 dies
2202 586 2303 636 112

131 686 158 729 ⁵
184 663 363 729 nocti
409 661 644 727 similis
691 661 979 727 adimat?
1047 660 1113 727 Ν
1115 682 1222 725 am
1264 660 1427 726 illud
1472 661 1809 748 Antipatri
1858 659 2199 746 Cyrenaici

187 754 287 817 est
327 750 400 816 id
441 750 699 834 quidem
741 750 936 833 paulo
983 748 1350 833 obscenius,
1402 749 1514 814 sed
1557 768 1689 815 non
1734 750 2014 815 absurda
2058 771 2198 815 sen-

50 906 52 911 ,
185 838 394 904 tentia
448 841 572 923 est3
627 838 809 903 cuius
870 837 1246 903 caecitatem
1302 858 1447 901 eum
1492 838 1908 904 mulierculae
1959 839 2199 903 lamen-

183 929 501 1011 tarentur,
564 924 792 1002 ‘Quid
855 922 1174 1011 agitisP'
1233 924 1471 1010 inquit,
1526 924 1652 991 ‘an
1704 926 1927 992 vobis
1982 925 2200 992 nulla

183 1014 495 1080 videtur
545 1014 911 1097 voluptas
968 1034 1132 1080 esse
1186 1011 1644 1080 nocturna?
1732 1013 2020 1099 Appium
2065 1013 2201 1098 qui-

106 1127 156 1166 10
185 1101 331 1167 dem
374 1103 658 1167 veterem
702 1101 916 1184 illum,
970 1100 1080 1185 qui
1126 1122 1350 1165 caecus
1396 1122 1599 1168 annos
1644 1102 1885 1168 multos
1928 1084 2084 1187 fuit,
2135 1105 2202 1166 et

186 1211 265 1253 ex
326 1188 817 1272 magistratibus
875 1190 940 1253 et
992 1209 1071 1253 ex
1121 1188 1317 1253 rebus
1371 1190 1573 1273 gestis
1631 1189 2075 1275 intellegimus
2130 1189 2201 1255 in

183 1276 300 1341 illo
349 1297 467 1341 suo
511 1296 667 1341 casu
709 1296 828 1341 nec
863 1274 1119 1359 privato
1154 1296 1273 1340 nec
1318 1276 1579 1360 publico
1617 1279 1869 1343 muneri
1904 1277 2202 1343 defuisse.

187 1362 256 1429 G.
299 1362 499 1428 Drusi
543 1362 806 1427 domum
851 1362 1162 1445 compleri
1196 1384 1237 1425 a
1277 1363 1753 1429 consultoribus
1792 1364 2054 1430 solitam
2100 1385 2201 1429 ac·

189 1452 503 1536 cepimus3
557 1471 731 1535 cum,
785 1471 1057 1534 quorum
1109 1472 1211 1514 res
1265 1453 1464 1535 esset,
1518 1472 1635 1515 sua
1681 1452 1812 1536 ipsi
1852 1473 1987 1516 non
2030 1450 2201 1516 vide-

105 1563 158 1604 ιε
185 1540 374 1621 bant,
437 1559 697 1603 caecum
759 1537 1153 1603 adhibebant
1214 1536 1460 1602 ducem.
1562 1538 1789 1604 Pueris
1842 1538 2032 1604 nobis
2087 1536 2201 1604 On.

185 1626 484 1691 Aufidius
539 1625 904 1709 praetorius
962 1628 1029 1689 et
1085 1625 1155 1691 in
1211 1628 1443 1689 senatu
1500 1627 1887 1691 sententiam
1944 1626 2203 1692 dicebat

184 1736 304 1780 nec
345 1714 568 1779 amicis
614 1713 1122 1778 deliberantibus
1169 1713 1391 1777 deerat
1427 1717 1493 1778 et
1526 1710 1842 1779 Graecam
1878 1714 2204 1779 scribebat

185 1801 526 1868 historiam
571 1804 639 1867 et
680 1802 943 1875 videbat
986 1801 1056 1867 in
1099 1801 1357 1865 litteris.

317 1889 635 1955 Diodotus
699 1887 956 1956 Stoicus
1029 1910 1252 1954 caecus
1319 1889 1559 1954 multos
1624 1894 1825 1955 an'nos
1895 1893 2156 1956 nostrae
2203 1856 2306 1983 32

106 2003 160 2044 so
188 1977 365 2052 domi
421 1976 602 2042 vixit.
702 1975 770 2041 Is
823 1998 1005 2060 vero,
1060 1976 1232 2062 quod
1285 1976 1589 2041 credibile
1643 1978 1751 2041 vix
1808 1980 2002 2062 esset,
2055 1998 2201 2041 cum

186 2065 260 2129 in
294 2062 712 2148 philosophia
745 2065 952 2129 multo
990 2065 1188 2130 etiam
1221 2064 1434 2147 magis
1472 2064 1736 2130 adsidue
1771 2086 1967 2149 quam
2012 2067 2204 2129 antea

187 2153 551 2217 versaretur
595 2155 662 2215 et
705 2172 853 2216 cum
895 2152 1130 2217 fidibus
1165 2149 1724 2236 Pythagoreorum
1767 2174 1947 2217 more
1990 2156 2203 2217 utere·-

186 2243 321 2323 tur,
367 2259 638 2323 cumque
683 2239 742 2303 ei
784 2238 934 2304 libri
975 2243 1198 2305 noctes
1235 2244 1302 2304 et
1346 2239 1482 2306 dies
1525 2241 1921 2325 legerentur,
1967 2240 2202 2325 quibus

188 2328 258 2393 in
308 2326 539 2392 studiis
594 2326 798 2393 oculis
849 2348 982 2393 non
1035 2328 1292 2412 egebat,
1346 2330 1512 2411 tum,
1576 2328 1748 2412 quod
1806 2328 1945 2392 sine
2001 2328 2201 2393 oculis

106 2442 159 2485 25
188 2414 329 2480 fieri
383 2435 576 2499 posse
633 2415 742 2479 vix
801 2414 1080 2498 videtur,
1141 2415 1535 2498 geometriae
1598 2436 1833 2480 munus
1894 2414 2203 2480 tuebatur

188 2501 402 2568 verbis
475 2501 873 2587 praecipiens
946 2502 1368 2587 discentibus,
1438 2501 1607 2566 unde
1678 2524 1806 2587 quo
1883 2523 2202 2587 quamque

188 2591 428 2655 lineam
466 2590 834 2655 scriberent.
904 2589 1355 2673 Asclepiadem
1389 2588 1633 2674 ferunt,
1676 2610 1808 2656 non
1847 2589 2203 2676 ignobilem

187 2677 554 2745 Eretricum
598 2676 1089 2762 philosophum,
1143 2698 1286 2742 cum
1333 2676 1588 2761 quidam
1636 2681 1995 2762 quaereret,
2048 2676 2203 2762 quid

190 2766 251 2831 ei
294 2765 573 2833 caecitas
620 2765 970 2845 attulisset,
1014 2764 1453 2849 respondisse,
1496 2785 1696 2850 puero
1740 2768 1817 2830 ut
1857 2786 1987 2829 uno
2034 2768 2205 2830 esset

106 2879 162 2921 so
191 2852 576 2919 comitatior.
646 2851 741 2918 Ut
785 2853 958 2918 enim
1000 2853 1105 2918 vel
1151 2873 1403 2917 summa
1445 2855 1794 2936 paupertas
1838 2853 2202 2919 tolerabilis

191 2942 304 3025 sit,
367 2941 424 3006 si
485 2940 701 3024 liceat,
779 2941 951 3025 quod
1008 2939 1393 3025 quibusdam
1456 2938 1721 3005 Graecis
1783 2941 2044 3025 cotidie,
2108 2940 2202 3004 sic

191 3028 465 3095 caecitas
508 3027 667 3095 ferri
700 3027 894 3094 facile
935 3029 1170 3113 possit,
1216 3027 1274 3092 si
1303 3048 1440 3092 non
1475 3026 1685 3092 desint
1718 3027 2007 3093 subsidia
2035 3027 2202 3092 vale-

187 3115 522 3186 tudinum„
571 3116 982 3182 Democritus
1026 3114 1381 3181 luminibus
1428 3114 1683 3181 amissis
1720 3116 1869 3180 alba
1913 3114 2160 3179 scilicet
2204 3122 2307 3171 114

191 3195 548 3269 discernere
603 3206 671 3270 et
724 3206 870 3268 atra
924 3225 1056 3270 non
1108 3206 1393 3289 poterat,
1448 3206 1519 3268 at
1571 3224 1723 3269 vero
1777 3203 1951 3267 bona
2009 3201 2200 3285 mala,

103 3316 160 3359 ⁸⁶
189 3313 394 3377 aequa
447 3290 693 3375 iniqua,
755 3291 1033 3357 honesta
1083 3291 1327 3375 turpia,
1378 3291 1572 3357 utilia
1620 3289 1903 3374 inutilia,
1962 3308 2202 3373 magna

187 3401 391 3463 parva
426 3382 708 3464 poterat,
755 3382 821 3444 et
857 3380 994 3445 sine
1039 3380 1352 3446 varietate
1392 3380 1678 3444 colorum
1712 3377 1953 3442 licebat
1987 3376 2200 3441 vivere

186 3465 401 3551 beate,
446 3467 583 3533 sine
627 3467 894 3534 notione
928 3488 1144 3535 rerum
1180 3488 1317 3534 non
1361 3466 1617 3532 licebat.
1688 3463 1904 3549 Atque
1948 3464 2055 3530 hic
2098 3464 2201 3530 vir
