2609 3884
386 162 520 229 464
778 161 1380 219 TUSCULANARUM·
1413 159 2014 217 DISPUTATIONUM

387 323 689 410 impediri
725 325 920 389 etiam
957 325 1155 390 animi
1201 325 1406 389 aciem
1444 325 1706 408 aspectu
1749 323 2082 388 oculorum
2128 323 2409 388 arbitra-

386 413 605 496 batur,
651 416 717 478 et
760 434 907 477 cum
952 413 1063 477 alii
1110 433 1330 496 saepe,
1377 411 1549 496 quod
1594 414 1744 476 ante
1788 411 1981 495 pedes
2028 414 2224 495 esset,
2271 432 2406 477 non

387 500 704 585 viderent,
749 501 860 565 ille
905 501 975 565 in
1018 499 1403 565 infinitatem
1442 519 1699 565 omnem
1733 498 2285 584 peregrinabatur,
2329 503 2409 563 ut

316 633 333 654 .
385 589 564 653 nulla
606 589 678 653 in
722 587 1127 655 extremitate
1171 587 1570 654 consisteret.
1672 587 2009 652 Traditum
2054 589 2155 651 est
2205 587 2406 651 etiam

386 675 740 741 Homerum
775 697 1035 742 caecum
1069 675 1296 760 fuisse3
1345 679 1416 740 at
1450 676 1587 741 eius
1622 675 1970 760 picturam,
2009 695 2141 740 non
2175 675 2407 758 poesin
2433 698 2465 739 s

385 764 695 852 videmus.
797 762 975 840 Quae
1027 764 1235 849 regio,
1288 785 1453 848 quae
1497 784 1638 848 ora,
1697 763 1810 847 qui
1853 762 2036 827 locus
2083 760 2408 846 Graeciae,

389 873 552 936 quae
604 851 851 935 species
905 851 1239 935 formaque
1292 871 1574 937 pugnae,
1628 871 1791 936 quae
1837 850 2036 928 acies,
2092 850 2265 934 quod
2308 872 2406 915 re·

387 939 690 1024 migium,
748 939 858 1024 qui
916 943 1132 1004 motus
1188 939 1555 1023 hominum,
1613 939 1724 1024 qui
1781 937 2067 1002 ferarum
2123 929 2257 1002 non
2309 937 2406 1003 ita

389 1028 677 1112 expictus
724 1030 849 1106 est,
901 1030 1004 1106 ut,
1057 1048 1218 1111 quae
1272 1026 1414 1110 ipse
1456 1048 1591 1092 non
1634 1025 1892 1109 viderit,
1951 1046 2070 1091 nos
2116 1028 2190 1089 ut
2232 1024 2402 1089 vide-

387 1136 631 1196 remae,
677 1112 1031 1193 effecerit‘?;
1084 1112 1253 1190 Quid
1298 1114 1499 1200 ergo?
1547 1118 1661 1180 aut
1702 1112 1988 1196 Homero
2034 1113 2403 1178 delectatio·
2431 1137 2487 1176 ιο

388 1222 537 1266 nem
586 1201 788 1265 animi
832 1222 908 1266 ac
952 1171 1354 1287 vsoluptatem
1393 1206 1506 1268 aut
1551 1203 1847 1286 cuiquam
1889 1200 2080 1265 docto
2127 1199 2404 1265 defuisse

290 1303 388 1354 115
436 1310 741 1372 umquam
770 1289 1206 1355 arbitramur?
1236 1293 1366 1374 aut,
1392 1291 1461 1355 ni
1487 1290 1584 1356 ita
1609 1311 1678 1355 se
1704 1310 1809 1355 res
1834 1288 2124 1372 haberet,
2150 1287 2405 1354 Anaxa-

390 1399 585 1464 goras
626 1380 740 1442 aut
773 1377 880 1443 hic
918 1378 1057 1462 ipse
1083 1377 1495 1445 Democritus
1533 1399 1724 1464 agros
1762 1380 1829 1442 et
1860 1376 2256 1460 patrimonia
2293 1397 2408 1441 sua

388 1465 826 1550 reliquissent,
887 1465 1038 1531 huic
1100 1466 1387 1532 discendi
1449 1465 1920 1550 quaerendique
1983 1463 2238 1528 divinae
2301 1463 2407 1528 de-

389 1553 730 1619 lectationi
781 1557 922 1618 toto
968 1575 1037 1619 se
1084 1555 1300 1620 animo
1358 1552 1725 1619 dedissent?
1813 1552 2043 1636 Itaque
2095 1571 2407 1636 augurem
2435 1574 2486 1614 ιε

388 1641 730 1724 Tiresiam,
783 1663 974 1726 quem
1028 1643 1388 1725 sapientem
1438 1641 1696 1727 fingunt
1737 1643 1996 1724 poetae,
2051 1661 2408 1724 num-quam

389 1729 705 1795 inducunt
739 1728 1183 1812 deplorantem
1220 1730 1598 1795 caecitatem
1626 1751 1826 1794 suam.
1891 1728 1984 1792 At
2017 1748 2173 1792 vero
2208 1727 2409 1812 Poly-

388 1815 695 1901 phemum
753 1814 1073 1882 Homerus
1132 1838 1277 1882 cum
1336 1818 1663 1882 inmanem
1718 1817 2052 1900 ferumque
2094 1814 2409 1899 finxisset,

390 1926 537 1969 cum
590 1903 790 1968 ariete
836 1905 1033 1970 etiam
1078 1906 1572 1990 conloquentem
1628 1905 1788 1970 facit
1831 1904 2094 1987 eiusque
2139 1903 2408 1968 laudare

389 1992 712 2075 fortunae,
773 1988 970 2077 quod,
1028 2013 1157 2076 qua
1214 1994 1440 2078 vellet,
1498 1992 1751 2078 ingredi
1808 1995 2031 2075 posset
2086 1994 2179 2074 et,
2242 2012 2408 2075 quae
2437 2016 2487 2054 20

389 2079 612 2162 vellet,
658 2079 996 2164 attingere.
1072 2079 1269 2145 Recte
1314 2081 1421 2146 hic
1465 2080 1750 2166 quidem3
1792 2079 1998 2144 nihilo
2045 2078 2221 2143 enim
2268 2081 2410 2143 erat

286 2163 857 2317 4inse1n0yclogis
904 2188 1101 2249 quam
1146 2168 1337 2268 aries·
1357 2168 1467 2232 ille
1510 2167 1906 2268 prudentior:

289 2302 608 2407 “maer
655 2274 765 2405 3¹5¹?
819 2254 1539 2425 ὅῗὲἰεέἓῖοεῶωἶῗῑῖῗ
1584 2251 1952 2425 ἕξέιθέἓῗέεῗ
2005 2254 2214 2426 <1353ss
2240 2276 2409 2407 „3212

393 2429 720 2511 audiebat,
764 2428 1048 2512 etiamsi,
1106 2432 1180 2494 ut
1223 2430 1387 2494 mihi
1429 2431 1794 2514 videbatur,
1837 2429 2090 2494 iniuria.
2178 2427 2411 2495 Nostri
2437 2451 2487 2491 2⁵

391 2517 634 2583 Graece
686 2516 823 2582 fere
876 2517 1175 2582 nesciunt
1217 2539 1337 2583 nec
1381 2517 1610 2584 Graeci
1654 2517 1907 2584 Latine.
1994 2517 2174 2602 Ergo
2225 2516 2297 2581 hi
2340 2517 2411 2583 in

390 2605 652 2671 illorum
716 2608 783 2669 et
842 2604 945 2669 illi
1006 2605 1076 2670 in
1136 2605 1370 2672 horum
1433 2627 1726 2672 sermone
1790 2606 1993 2689 surdi,
2061 2625 2409 2692 omnesque

390 2692 550 2757 item
601 2713 723 2758 nos
766 2691 836 2757 in
879 2692 961 2757 iis
1015 2692 1281 2778 linguis,
1338 2715 1500 2778 quas
1544 2715 1678 2760 non
1729 2692 2191 2778 intellegimus,
2245 2713 2409 2777 quae

392 2782 544 2843 sunt
587 2779 1115 2862 innumerabiles,
1160 2781 1339 2850 surdi
1385 2780 1676 2865 profecto
1725 2802 1965 2846 sumus.
2049 2779 2143 2845 At
2186 2801 2410 2846 vocem

392 2866 752 2932 citharoedi
794 2888 927 2932 non
972 2868 1257 2935 audiunt.
1329 2867 1430 2934 Ne
1477 2868 1824 2935 stridorem
1876 2869 2132 2953 quidem
2179 2888 2410 2950 serrae,
2434 2890 2484 2930 ao

389 2956 531 3019 tum
575 2974 721 3018 cum
766 2955 1043 3038 acuitur,
1090 2960 1205 3021 aut
1247 2955 1651 3042 grunditum,
1688 2978 1833 3022 cum
1881 2956 2229 3041 iugulatur,
2278 2955 2408 3020 suis

390 3063 537 3125 nec,
610 3061 756 3105 cum
829 3041 1154 3126 quiescere
1226 3045 1478 3128 volunt,
1551 3043 1878 3109 fremitum
1947 3044 2408 3108 murmurantis

391 3129 618 3213 maris3
665 3131 731 3193 et
776 3128 834 3193 si
878 3133 1106 3195 cantus
1143 3152 1253 3196 eos
1298 3131 1468 3197 forte
1514 3131 1860 3214 delectant,
1909 3131 2191 3214 primum
2238 3131 2413 3215 cogi·

391 3219 530 3281 tare
575 3216 837 3300 debent,
883 3219 1033 3281 ante
1079 3238 1275 3301 quam
1318 3219 1390 3283 hi
1437 3219 1571 3284 sint
1613 3219 1887 3302 inventi,
1933 3219 2177 3284 multos
2221 3219 2409 3284 beate

392 3303 630 3367 vixisse
668 3303 1018 3386 sapientes,
1065 3303 1291 3368 deinde
1329 3307 1536 3371 multo
1572 3306 1885 3372 maiorem
1929 3305 2175 3390 percipi
2220 3326 2410 3390 posse
2436 3325 2483 3366 ³⁵

289 3407 387 3456 117
435 3388 725 3472 legendis
780 3389 884 3454 his
938 3411 1129 3474 quam
1184 3390 1520 3457 audiendis
1575 3394 1994 3477 voluptatem.
2083 3392 2280 3475 Tum,
2339 3395 2412 3457 ut

390 3475 585 3555 paulo
650 3478 801 3540 ante
865 3496 1091 3542 caecos
1156 3476 1237 3539 ad
1302 3479 1556 3544 aurium
1627 3481 2121 3546 traducebamus
2187 3481 2411 3565 volup·
