2609 3884
410 147 538 214 308
800 144 1399 201 TUSCULANARUM
1433 144 2037 201 DISPUTATIONUM

408 313 628 376 autem
683 310 870 374 abest
931 309 1014 374 ab
1071 329 1174 392 60,
1234 310 1311 372 ut
1364 308 1609 372 malum
1664 328 1841 372 mors
1898 307 2012 391 sit,
2073 306 2249 391 quod
2308 307 2431 372 tibi

408 398 649 463 dudum
693 396 1060 480 videbatur,
1104 399 1180 460 ut
1222 416 1475 478 verear,
1526 416 1609 460 ne
1652 394 1905 459 homini
1949 394 2117 460 nihil
2164 395 2256 460 sit
2300 416 2433 460 non

408 487 650 551 malum
708 484 908 562 aliud,
963 486 1136 549 certe
1192 484 1278 548 sit
1321 483 1487 547 nihil
1529 483 1775 548 bonum
1820 483 1997 548 aliud
2039 483 2293 567 potius,
2349 484 2433 548 si-

409 573 667 659 quidem
710 573 815 638 vel
862 572 927 635 di
970 572 1098 656 ipsi
1142 572 1247 636 vel
1293 593 1440 636 cum
1486 571 1584 635 dis
1630 570 1835 636 futuri
1879 592 2119 636 sumus.

540 662 624 727 A.
679 660 847 737 Quid
891 659 1135 724 refert?
2459 685 2485 725 5

540 756 632 814 Μ.
668 748 928 813 Adsunt
956 748 1148 832 enim,
1183 748 1296 832 qui
1322 746 1483 812 haec
1508 768 1637 812 non
1676 746 1969 830 probent.
2025 744 2173 831 Ego
2213 750 2435 811 autem

407 859 758 922 numquam
811 837 904 901 ita
958 839 1025 901 te
1078 836 1149 900 in
1202 834 1329 900 hoc
1382 855 1679 900 sermone
1734 833 2086 918 dimittam,
2136 835 2283 898 ulla
2338 835 2435 899 uti

407 926 662 990 ratione
707 947 883 990 mors
927 923 1054 988 tibi
1097 922 1303 988 videri
1350 923 1594 988 malum
1637 922 1867 1005 possit.

305 1027 371 1077 ‘17
542 1014 623 1078 A.
680 1011 806 1088 Qui
849 1015 1093 1095 potest,
1143 1031 1288 1076 cum
1335 1011 1464 1075 ista
1509 1010 1966 1095 cognoverim?

540 1107 632 1166 Μ.
678 1099 803 1176 Qui
865 1099 1098 1183 possit,
1151 1099 1392 1184 rogas?
1493 1096 1804 1163 Oatervae
1872 1098 2137 1163 veniunt
2202 1103 2437 1165 contra
2460 1126 2505 1165 ιο

410 1188 789 1271 dicentium,
832 1209 952 1252 nec
990 1186 1201 1252 solum
1236 1186 1730 1271 Epicureorum,
1767 1207 1927 1270 quos
1968 1186 2265 1272 equidem
2303 1209 2437 1254 non

405 1276 719 1361 despicio,
785 1275 895 1340 sed
957 1275 1174 1340 nescio
1241 1296 1369 1358 11110
1432 1273 1623 1339 1110110
1688 1274 2095 1340 doctissimus
2156 1276 2435 1360 quisque

411 1363 839 1447 [contemnit],
877 1385 1206 1428 acerrume
1234 1365 1453 1427 autem
1481 1362 1749 1427 deliciae
1785 1384 1963 1428 meae
1995 1361 2435 1428 Dicaearchus

407 1456 638 1519 contra
689 1450 861 1516 hanc
914 1451 1467 1516 immortalitatem
1524 1449 1845 1518 disseruit.
1942 1448 2009 1514 Is
2075 1450 2249 1514 enim
2314 1452 2435 1516 tris

409 1541 612 1607 libros
650 1539 930 1624 scripsit,
966 1539 1079 1625 11111
1114 1537 1475 1604 Lesbiaci
1509 1541 1848 1623 vocantur,
1886 1536 2057 1622 quod
2090 1537 2437 1622 Mytilenis
2462 1564 2505 1606 1⁵

410 1650 620 1694 sermo
673 1627 979 1712 habetur,
1033 1628 1106 1692 in
1156 1627 1391 1711 quibus
1454 1625 1593 1691 volt
1656 1625 1910 1690 efficere
1969 1627 2224 1691 animos
2292 1649 2437 1692 esse

408 1717 719 1782 mortalis.
795 1713 999 1782 Stoici
1045 1719 1262 1780 autem
1306 1734 1573 1779 usuram
1616 1713 1808 1778 nobis
1852 1714 2221 1799 largiuntur
2266 1718 2438 1780 tam-

410 1827 606 1889 quam
653 1803 1038 1889 cornicibus3
1086 1803 1196 1867 diu
1240 1823 1579 1867 mansuros
1628 1802 1810 1867 aiunt
1855 1802 2134 1886 animos,
2180 1823 2441 1888 semper

304 1891 390 1956 32
409 1895 669 1978 negant.
757 1889 934 1956 Num
977 1913 1112 1957 non
1157 1890 1256 1956 vis
1302 1890 1503 1976 igitur
1548 1889 1797 1974 audire,
1854 1911 1991 1974 cur,
2036 1889 2296 1956 etiamsi
2343 1892 2438 1957 ita

411 1982 531 2064 sit,
574 2000 750 2044 mors
798 1983 1019 2044 tamen
1063 2000 1196 2044 non
1242 1979 1330 2042 sit
1376 1979 1445 2043 in
1489 1976 1723 2042 malis?
2462 2007 2509 2046 ,ο

543 2068 626 2217 A.
680 2064 776 2132 Ut
835 2067 1117 2150 videtur3
1190 2065 1302 2131 sed
1364 2086 1468 2130 me
1539 2085 1731 2130 nemo
1806 2065 1884 2129 de
1956 2065 2437 2142 inmortalitate

413 2155 492 2219 de
539 2175 573 2218 6
600 2155 707 2219 let.

305 2257 374 2308 18
493 2176 634 2306 ΡΜ.
677 2239 902 2308 Laudo
947 2241 1014 2306 id
1058 2240 1347 2325 quidem,
1390 2241 1518 2306 etsi
1550 2241 1715 2305 nihil
1750 2240 1946 2305 nimis
1988 2244 2252 2325 oportet
2288 2263 2437 2308 con·

409 2329 626 2396 fidere.
723 2329 1061 2396 Movemur
1117 2328 1289 2395 enim
1347 2350 1537 2413 saepe
1593 2329 1808 2412 aliquo
1864 2331 2048 2393 acute
2112 2330 2440 2414 concluse,

410 2418 706 2496 labamus
753 2422 1205 2501 mutamusque
1251 2418 1639 2482 sententiam
1691 2416 2072 2482 clarioribus
2120 2417 2323 2483 etiam
2370 2419 2441 2483 in
2466 2446 2514 2487 85

410 2507 628 2593 rebus3
683 2507 755 2572 in
807 2507 910 2571 his
969 2510 1070 2570 est
1123 2505 1295 2570 enim
1351 2505 1571 2590 aliqua
1626 2504 2005 2571 obscuritas.
2102 2502 2180 2568 Id
2234 2506 2443 2591 igitur

413 2595 472 2660 si
517 2595 849 2680 acciderit,
901 2594 1103 2660 simus
1151 2594 1402 2658 armati.

345 2679 367 2704 ’“
543 2684 628 2750 A.
683 2681 848 2748 Sane
883 2683 1176 2773 quidem,
1223 2681 1335 2746 sed
1378 2703 1462 2746 ne
1508 2681 1784 2765 accidat,
1828 2680 2198 2765 providebo.

544 2776 636 2835 Μ.
671 2771 848 2836 Num
883 2765 1038 2854 quid
1075 2770 1276 2854 igitur
1305 2772 1407 2834 est
1433 2790 1681 2848 causae,
1720 2769 1876 2853 quin
1904 2769 2145 2834 amicos
2172 2774 2442 2837 nostros

415 2856 668 2923 Stoicos
717 2856 1164 2923 dimittamus?
1225 2879 1337 2922 eos
1384 2856 1557 2940 dico,
1611 2858 1722 2941 qui
1769 2858 1952 2922 aiunt
1996 2877 2259 2922 manere
2307 2859 2444 2923 ani·
2470 2887 2523 2928 so

413 2967 585 3028 mos,
631 2967 778 3010 cum
823 2967 857 3010 e
905 2966 1172 3029 corpore
1219 2945 1635 3029 excesserint,
1682 2943 1794 3009 sed
1837 2966 1972 3009 non
2018 2965 2291 3029 semper.

546 3033 629 3098 A.
673 3031 847 3097 Istos
901 3053 1056 3097 vero
1066 3082 1085 3116 ,
1140 3033 1277 3117 qui,
1335 3033 1505 3118 quod
1549 3034 1691 3097 tota
1746 3033 1817 3096 in
1859 3033 1982 3100 hac
2027 3054 2227 3099 causa
2272 3033 2439 3100 diffi-

416 3121 728 3186 cillimum
784 3122 909 3204 est,
965 3119 1351 3204 suscipiant,
1404 3142 1595 3206 posse
1652 3121 1937 3185 animum
1992 3142 2254 3186 manere
2302 3144 2440 3189 cor-

413 3229 572 3293 pore
612 3211 975 3287 vacantem,
1020 3207 1182 3272 illud
1220 3211 1462 3292 autem,
1510 3208 1679 3292 quod
1713 3230 1845 3275 non
1882 3208 2076 3274 modo
2120 3209 2321 3275 facile
2361 3211 2441 3275 ad

417 3295 804 3361 credendum
861 3299 986 3375 est,
1041 3295 1152 3361 sed
1209 3316 1283 3360 60
1344 3317 1677 3380 601166880,
1732 3296 1902 3380 quod
1966 3297 2227 3381 volunt,
2292 3320 2441 3366 con·
2467 3325 2519 3367 35

417 3404 715 3468 sequens,
775 3383 842 3448 id
884 3405 1016 3450 non
1063 3383 1441 3468 concedant,
1484 3387 1587 3467 ut,
1643 3404 1787 3449 cum
1831 3383 1941 3449 diu
1985 3388 2444 3472 permanserit,

414 3492 495 3536 ne
541 3472 833 3538 intereat.
