2609 3884
405 177 538 243 326
795 175 1391 232 TUSCULANARUM
1429 174 2035 232 DISPUTATIONUM
2570 218 2572 285 ⁴

2570 294 2572 331 1

407 361 618 425 amus3
667 339 770 404 sin
807 342 1023 405 autem
1057 339 1228 404 nihil
1273 338 1791 418 denuntiabitur,
1835 360 1911 405 eo
1953 342 2178 404 tamen
2226 338 2439 405 simus
2571 360 2572 365 ¹

407 428 648 511 anim0,
692 430 768 492 ut
809 428 1194 493 horribilem
1227 428 1419 491 illum
1464 427 1634 492 diem
1682 427 1860 506 aliie,
1902 428 2095 493 nobis
2139 428 2443 493 faustum

403 521 704 601 putemus
757 517 1045 601 nihilque
1099 516 1169 581 in
1223 516 1413 580 malis
1469 514 1805 600 ducamus,
1859 516 2035 600 quod
2088 516 2179 581 sit
2236 516 2354 582 vel
2400 540 2444 583 a

407 605 508 669 dis
562 605 1015 669 inmortalibus
1075 604 1180 669 vel
1235 626 1274 668 a
1327 606 1561 669 natura
1612 607 1885 688 parente
1937 605 2231 670 omnium
2287 627 2446 671 con-

409 694 728 759 stitutum.
799 692 864 758 N
867 716 952 758 on
988 694 1161 758 enim
1195 696 1437 757 temere
1474 714 1593 757 nec
1636 692 1909 758 fortuito
1946 694 2073 758 sati
2118 696 2184 758 et
2230 695 2447 759 creati
2472 721 2493 760 5
2570 696 2572 769 d

409 803 654 864 sumus,
719 781 833 846 sed
884 780 1176 865 profecto
1232 780 1357 845 fuit
1411 781 1729 864 quaedam
1790 781 1918 866 vis,
1981 803 2145 866 quae
2208 784 2449 867 generi
2570 772 2572 815 ¹

407 870 774 934 consuleret
824 869 1106 934 humano
1161 890 1279 934 nec
1333 869 1399 933 id
1454 869 1751 953 gigneret
1805 873 1921 934 aut
1974 870 2204 954 aleret,
2261 871 2450 955 quod

407 979 556 1022 cum
615 958 1082 1022 exanclavisset
1143 978 1367 1022 omnes
1428 958 1720 1043 labores,
1780 961 1922 1023 tum
1984 958 2301 1023 incideret
2374 959 2449 1024 in
2571 956 2572 1003 ἴ

405 1045 638 1109 mortis
693 1045 936 1110 malum
991 1046 1481 1130 sempiternum3
1536 1050 1797 1131 portum
1849 1047 2067 1129 potius
2126 1050 2448 1131 paratum

302 1153 406 1202 119
452 1132 644 1197 nobis
681 1136 748 1197 et
780 1133 1149 1217 perfugium
1183 1137 1501 1217 putemus.
1567 1134 1709 1211 Quo
1736 1134 1988 1199 utinam
2012 1135 2175 1200 velis
2211 1136 2448 1220 passis
2473 1163 2512 1202 ιο

407 1220 672 1304 pervehi
707 1221 924 1286 liceat!
991 1219 1106 1286 Sin
1139 1222 1521 1287 reflantibus
1556 1223 1765 1288 ventis
1810 1224 2168 1308 reiciemur,
2202 1228 2449 1290 tamen

405 1308 630 1374 eodem
705 1310 900 1393 paulo
963 1310 1211 1375 tardius
1273 1311 1627 1377 referamur
1690 1333 1950 1377 necesse
2013 1316 2131 1378 est.
2243 1312 2446 1390 Quod

406 1400 624 1461 autem
679 1398 978 1463 omnibus
1031 1420 1292 1464 necesse
1350 1403 1473 1483 est,
1536 1400 1685 1465 idne
1743 1401 2051 1466 miserum
2105 1422 2251 1467 esse
2314 1403 2445 1467 uni

403 1484 666 1569 potest?
741 1485 964 1551 Habes
1009 1487 1367 1573 epilogum,
1409 1510 1490 1554 ne
1534 1488 1689 1573 quid
1732 1489 2265 1574 praetermissum
2314 1494 2443 1556 aut

404 1574 704 1639 relictum
749 1578 956 1659 putes·
2468 1606 2507 1645 ιε

535 1662 618 1727 A.
671 1662 817 1747 Ego
865 1684 1043 1747 vero,
1099 1666 1165 1728 et
1216 1663 1473 1749 quidem
1520 1664 1679 1731 fecit
1725 1667 1924 1731 etiam
1967 1666 2094 1732 iste
2138 1687 2245 1731 me
2295 1669 2438 1751 epi-

401 1749 594 1834 logus
639 1751 1008 1817 firmiorem.
1179 1806 1186 1811 .

533 1844 624 1903 M.
673 1837 965 1923 Optime,
1009 1840 1286 1925 inquam.
1380 1838 1505 1906 Sed
1548 1863 1719 1907 nunc
1769 1842 2025 1927 quidem
2069 1844 2439 1910 valetudini

399 1925 765 1991 tribuamus
812 1928 1084 2012 aliquid,
1128 1951 1270 1993 cras
1308 1933 1550 2013 autem,
1597 1933 1663 1994 et
1699 1934 1859 2014 quot
1891 1930 2029 1995 dies
2066 1932 2316 1997 erimus
2360 1933 2439 1997 in

401 2012 801 2097 Tusculano,
847 2035 1114 2099 agamus
1148 2016 1309 2081 haec
1345 2020 1413 2082 et
1447 2039 1524 2082 ea
1563 2018 2001 2104 potissimum,
2046 2040 2213 2103 quae
2250 2020 2435 2086 leva·
2460 2047 2501 2086 ιο

398 2101 642 2166 tionem
670 2101 956 2167 habeant
983 2104 1480 2188 aegritudinum,
1504 2105 1944 2190 formidinum,
1975 2108 2435 2196 cupiditatum,

399 2189 512 2273 qui
559 2190 739 2254 omni
783 2211 816 2255 e
857 2190 1276 2274 philosophia
1322 2196 1424 2258 est
1466 2193 1714 2259 fructus
1758 2195 2140 2261 uberrimus.

890 2476 988 2547 M.
1045 2474 1370 2548 TULLII
1424 2477 1917 2553 CICERONIS

529 2636 1375 2725 TUSCULANARUM
1438 2640 2294 2729 DISPUTATIONUM

1123 2786 1223 2840 AD
1261 2786 1336 2840 M„
1372 2786 1682 2843 BRUTUM

1051 2917 1296 2977 LIBER
1342 2918 1756 2980 SECUNDUS

843 3032 962 3097 DE
1009 3033 1543 3103 TOLERANDO
1588 3036 1957 3106 DOLORE.

1045 3267 1750 3333 ARGUMENTUM.

530 3379 673 3460 Post
715 3380 1159 3461 cohortationem
1187 3384 1278 3466 ’ad
1322 3386 1739 3467 philosophiam
1776 3390 2078 3461 diligenter
2112 3394 2415 3450 colendam

389 3450 450 3501 et
483 3450 703 3502 Latmls
739 3450 1133 3507 lllustrandam
1159 3454 1365 3509 litteris
1396 3460 1539 3525 (cap.
1574 3461 1749 3527 1—3)
1788 3478 1969 3517 sermo
2000 3464 2059 3517 in
2087 3464 2412 3521 Tusculano

382 3518 470 3571 de
527 3518 766 3573 dolore
815 3521 1180 3579 tolerando
1233 3524 1521 3581 institutus
1569 3530 1880 3597 exponitur.
1951 3532 2005 3587 Is
2060 3533 2290 3589 ducitur
2332 3536 2411 3590 ab
