2609 3884
417 195 546 260 352
803 191 1401 249 TUSCULANARUM
1438 189 2047 247 DISPUTATIONUM

415 361 491 423 ut
542 357 815 423 vidisset
868 358 934 420 et
989 354 1408 421 salutavisset
1459 353 1959 438 honorificisque
2013 354 2226 419 verbis
2287 375 2444 438 pro-

419 449 674 511 secutus
721 447 893 510 esset
936 444 1334 527 molesteque
1381 463 1449 507 se
1511 441 1778 507 dixisset
1822 442 2018 527 ferre,
2074 441 2244 526 quod
2282 456 2446 506 eum

413 555 548 600 non
581 536 806 617 posset
841 531 1088 617 audire,
1124 534 1194 597 at
1228 530 1367 595 ille:
1415 528 1552 595 ‘Tu
1588 528 1826 614 vero',
1862 530 2103 614 inquit,
2150 529 2448 613 ‘poteS‚

413 642 550 687 nec
595 620 1098 704 committam,
1155 622 1240 683 ut
1284 618 1503 683 dolor
1557 618 1908 702 corporis
1965 617 2299 698 efficiat,
2354 622 2449 682 ut

409 710 716 785 frustra
758 711 1026 773 tantus
1071 707 1190 773 vir
1237 706 1326 771 ad
1372 726 1483 771 me
1527 703 1876 771 venerit?
1947 705 2177 790 Itaque
2216 727 2497 773 narra—5

416 798 533 862 bat
587 818 736 861 eum
777 796 1076 882 graviter
1131 798 1197 859 et
1251 795 1511 878 copiose
1556 794 1633 859 de
1685 794 1812 858 hoc
1856 794 2024 877 ipsc,
2076 793 2246 859 nihil
2294 814 2446 859 esse

414 885 686 964 bonum,
730 885 863 949 nisi
907 882 1076 967 quod
1121 885 1294 947 esset
1335 882 1711 964 honestum,
1758 882 2100 946 cubantem
2147 881 2445 966 disputa-

414 974 617 1056 visse,
683 992 952 1055 cumque
1015 971 1201 1054 quasi
1253 970 1431 1035 faces
1497 970 1558 1034 ei
1620 969 1859 1035 doloris
1922 968 2445 1049 admoverentur,

417 1082 607 1144 saepe
671 1059 934 1123 dixisse:
1017 1056 1269 1122 ‘Nihil
1334 1058 1533 1144 agis,
1604 1057 1849 1123 dolor!
1913 1057 2256 1141 quamvis
2327 1058 2443 1122 sis

415 1148 816 1230 molestus,
860 1165 1260 1229 numquam
1305 1148 1381 1209 te
1420 1166 1586 1211 esse
1624 1144 2069 1211 confitebor
2112 1144 2443 1211 malum?
2470 1172 2517 1212 ιο

551 1232 955 1318 Omninoque
988 1254 1210 1298 omnes
1251 1232 1411 1297 clari
1448 1236 1513 1298 et
1545 1233 1881 1298 nobilitati
1916 1233 2171 1300 labores
2207 1235 2250 1315 †
2287 1255 2446 1299 con-

309 1291 378 1341 ⁶²
414 1324 652 1406 templo
703 1322 870 1386 fiunt
905 1321 1103 1386 etiam
1151 1321 1548 1387 tolerabiles.
1617 1319 2028 1405 Videmusne,
2064 1320 2235 1405 apud
2272 1342 2443 1405 quos

416 1432 638 1476 eorum
707 1410 1029 1488 ludorum,
1105 1408 1214 1494 qui
1286 1409 1576 1493 gymnici
1646 1408 2090 1493 nominantur,
2158 1430 2443 1494 magnus

414 1498 623 1563 honos
671 1498 784 1581 sit,
826 1498 1080 1562 nullum
1125 1497 1208 1561 ab
1253 1497 1363 1580 iis,
1419 1496 1530 1582 qui
1572 1496 1643 1560 in
1687 1495 1754 1561 id
1810 1500 2134 1562 certamen
2177 1496 2440 1563 descen-

417 1586 600 1670 dant,
645 1585 920 1651 devitari
964 1582 1294 1650 dolorem?
1352 1583 1522 1669 apud
1578 1604 1740 1669 quos
1787 1587 2003 1650 autem
2047 1585 2327 1661 venandi
2371 1589 2442 1650 et
2465 1611 2509 1651 1⁵

417 1673 749 1760 equitandi
820 1674 963 1737 laus
1036 1673 1217 1758 viget
1233 1723 1251 1756 ,
1327 1673 1438 1756 qui
1508 1672 1677 1737 hanc
1741 1675 2111 1756 petessunt,
2180 1672 2439 1739 nullum

416 1762 679 1848 fugiunt
721 1761 1026 1827 dolorem.
1117 1760 1287 1836 Quid
1332 1761 1409 1825 de
1453 1760 1696 1825 nostris
1742 1760 2234 1845 ambitionibus,
2280 1760 2439 1845 quid

418 1849 494 1914 de
541 1848 897 1933 cupiditate
941 1848 1263 1914 honorum
1308 1848 1581 1933 loquar?
1628 1869 1792 1933 quae
1836 1847 2100 1913 flamma
2145 1851 2275 1932 est,
2322 1870 2439 1933 per

419 1959 613 2022 quam
665 1959 800 2002 non
853 1937 1253 2002 cucurrerint
1305 1936 1382 2019 ii,
1442 1937 1551 2020 qui
1594 1935 1755 2001 haec
1801 1936 1957 2001 olim
1999 1937 2259 2020 punctis
2308 1938 2437 2001 sin-

417 2026 587 2109 gulis
614 2023 1058 2109 colligebant?
1120 2022 1352 2107 Itaque
1380 2044 1633 2108 semper
1662 2023 2005 2089 Africanus
2034 2021 2437 2090 Socraticum
2458 2051 2500 2091 ιο

380 2112 909 2195 ·Xenophontem
966 2112 1037 2175 in
1090 2112 1392 2175 manibus
1456 2110 1767 2196 habebat,
1830 2112 2011 2177 cuius
2074 2112 2145 2176 in
2205 2113 2434 2197 primis

415 2198 727 2263 laudabat
761 2198 942 2281 illud,
985 2198 1159 2281 quod
1195 2198 1439 2263 diceret
1474 2199 1734 2264 eosdem
1769 2199 2023 2265 labores
2060 2221 2197 2265 non
2234 2222 2436 2285 aeque

418 2286 638 2373 gravis
715 2308 855 2351 esse
915 2286 1294 2369 imperatori
1360 2289 1427 2351 et
1486 2286 1710 2372 militi,
1782 2287 1954 2372 quod
2013 2288 2153 2371 ipse
2224 2288 2435 2354 honos
2566 2312 2570 2403 ⁴

308 2398 377 2447 63
414 2375 708 2441 laborem
761 2373 1071 2439 leviorem
1125 2374 1370 2439 faceret
1426 2374 1933 2459 imperatorium.
2031 2372 2155 2440 Sed
2212 2379 2439 2441 tamen

413 2463 538 2529 hoc
595 2462 835 2547 evenit,
889 2464 962 2526 ut
1012 2462 1085 2525 in
1138 2462 1371 2547 volgus
1426 2462 1871 2547 insipientium
1934 2462 2154 2547 opinio
2220 2465 2439 2530 valeat
2460 2491 2499 2531 85

413 2550 802 2634 honestatiS,
865 2571 1012 2615 cum
1074 2549 1282 2634 ipsam
1345 2549 1561 2615 videre
1624 2572 1760 2617 non
1827 2552 2100 2635 possint.
2207 2550 2437 2637 Itaque

413 2640 592 2704 fama
647 2643 713 2704 et
765 2637 1201 2703 multitudinis
1255 2638 1494 2704 iudicio
1553 2642 1918 2723 moventur,
1982 2662 2126 2705 cum
2187 2639 2256 2703 id
2320 2641 2437 2706 ho·
2546 2666 2557 2675 ·

413 2731 672 2793 nestum
715 2730 973 2810 putent,
1020 2726 1191 2811 quod
1229 2748 1269 2790 a
1302 2726 1626 2810 plerisque
1671 2727 1985 2793 laudetur.
2056 2726 2147 2791 Te
2192 2730 2435 2812 autem,

417 2816 475 2880 si
518 2816 592 2878 in
636 2815 839 2880 oculis
888 2815 977 2879 sis
1024 2814 1486 2893 multitudinis,
1532 2819 1755 2879 tamen
1798 2815 1936 2881 eius
1981 2814 2219 2881 iudicio
2258 2818 2437 2881 stare

413 2902 615 2966 nolim
650 2924 795 2986 nec,
834 2902 1004 2987 quod
1039 2903 1157 2967 illa
1190 2904 1403 2986 putet,
1440 2902 1611 2966 idem
1646 2907 1875 2986 putare
1910 2902 2435 2987 pulcherrimum.
2458 2930 2500 2971 ω

415 2988 554 3054 Tuo
609 2989 733 3053 tibi
788 2990 1026 3054 iudicio
1083 2994 1185 3055 est
1235 2990 1571 3074 utendum3
1626 2991 1750 3055 tibi
1808 2992 1865 3056 si
1908 2992 2087 3056 recta
2129 2992 2437 3075 probanti

413 3076 698 3160 placebis
708 3126 726 3160 ,
770 3079 910 3140 tum
946 3097 1077 3141 non
1113 3078 1306 3143 modo
1354 3080 1485 3143 tete
1531 3078 1789 3157 viceris,
1835 3078 2008 3162 quod
2049 3079 2244 3162 paulo
2285 3086 2436 3144 ante

311 3186 378 3235 ⁶4
413 3164 920 3248 praecipiebam,
976 3163 1087 3227 sed
1141 3166 1353 3230 omnis
1408 3170 1474 3230 et
1527 3166 1760 3231 omnia.
1848 3165 1993 3231 Hoc
2046 3167 2252 3252 igitur
2310 3170 2436 3233 tibi

413 3272 729 3335 propone,
775 3250 1268 3334 amplitudinem
1306 3253 1507 3317 animi
1545 3257 1612 3319 et
1655 3255 1841 3338 quasi
1883 3256 2204 3339 quandam
2243 3276 2436 3342 exag-

415 3338 814 3422 gerationem
887 3359 1080 3421 quam
1154 3339 1538 3405 altissimam
1612 3342 1837 3428 animi,
1918 3363 2081 3428 quae
2156 3344 2435 3409 maxime
2458 3369 2503 3411 35

416 3425 657 3488 eminet
701 3426 1186 3491 contemnendis
1231 3430 1296 3491 et
1343 3427 1769 3512 despiciendis
1825 3430 2181 3513 doloribus,
2234 3453 2435 3496 unam

415 3532 554 3575 esse
610 3511 897 3577 omnium
951 3532 1089 3579 rem
1142 3514 1671 3603 pulcherrimam,
1726 3539 1927 3605 eoque
1975 3517 2433 3603 pulchriorem,
