2609 3884
753 195 893 250 ΠΒ.
929 196 976 250 1.
1032 195 1186 250 GAP.
1225 202 1400 251 2—-4,
1456 203 1485 262 g
1525 202 1733 251 7-13.
2206 195 2243 258 7

206 357 625 441 probabilem
669 361 748 422 tu
796 357 1053 441 quidem
1089 356 1331 440 adfers3
1376 361 1489 422 aut
1526 357 1701 422 enim
1740 355 1988 424 Graeca
2030 359 2246 461 legere

211 447 485 524 malent,
549 447 668 531 qui
715 449 905 510 erunt
959 444 1217 528 eruditi,
1273 448 1389 511 aut
1447 467 1529 511 ne
1583 445 1745 511 haec
1798 445 2082 530 quidem,
2137 447 2249 531 qui
2380 463 2389 467 ·

215 535 326 599 illa
373 535 708 618 nescient3
765 533 880 598 sed
939 555 1080 598 eam
1126 495 1288 598 mihi
1331 555 1464 600 non
1512 555 1665 598 sane
1708 536 1967 617 probas.
2038 534 2246 600 Immo

220 644 367 688 vero
419 626 492 687 et
544 622 737 706 haec,
795 623 906 707 qui
956 622 1074 686 illa
1123 643 1260 686 non
1311 624 1645 706 poterunt,
1690 624 1781 706 et,
1836 623 1947 707 qui
2002 621 2249 688 Graeca

173 737 200 776 5
225 715 561 794 poterunt,
635 673 772 775 noh
835 713 1248 775 contemnent
1311 732 1441 775 sua.
1549 708 1718 787 Quid
1780 711 1951 774 enim
2015 732 2247 776 causae

229 802 346 880 est,
392 820 511 863 cur
558 803 788 882 poetas
826 797 1096 862 Latinos
1133 795 1397 863 Graecis
1444 798 1683 863 litteris
1730 798 1965 864 eruditi
2009 799 2249 884 legant,

227 887 654 970 philosophos
717 908 850 950 non
911 885 1176 971 legant?
1249 908 1333 950 an
1404 887 1559 971 quia
1630 886 1910 952 delectat
1978 886 2250 970 EnniuS,

226 973 571 1053 Pacuvius,
619 973 872 1058 Attius,
915 974 1106 1039 multi
1153 973 1294 1058 alii,
1355 975 1465 1058 qui
1507 996 1640 1041 non
1682 975 1905 1058 verba,
1960 974 2073 1040 sed
2118 976 2249 1039 vim

229 1061 626 1127 Graecorum
690 1066 1140 1146 expresserunt
1208 1063 1593 1147 poetarum?
1711 1063 1969 1140 Quanto
2040 1064 2249 1148 magis

151 1178 203 1218 10
226 1150 609 1234 philosophi
673 1149 1107 1234 delectabunt,
1178 1151 1262 1232 si,
1334 1153 1409 1214 ut
1478 1151 1578 1215 illi
1640 1150 2063 1236 Aeschylum,
2136 1150 2251 1218 So·-

227 1239 559 1323 phoclem,
603 1237 1008 1324 Euripidem,
1054 1239 1148 1303 sic
1191 1239 1263 1303 hi
1308 1238 1647 1305 Platonem
1690 1240 2055 1323 imitentur,
2104 1241 2251 1304 Ari·

229 1327 563 1410 stotelem,
627 1326 1150 1411 Theophrastum
1164 1327 1198 1392 Ῥ
1308 1325 1615 1392 Oratores
1679 1327 1939 1412 quidem
1999 1328 2253 1409 laudari

227 1415 445 1499 video,
511 1415 572 1479 si
627 1415 736 1498 qui
789 1437 824 1479 e
877 1415 1114 1480 nostris
1169 1413 1571 1499 Hyperidem
1638 1417 1769 1481 sint
1836 1419 1949 1482 aut
2014 1416 2251 1482 Demo-

229 1503 529 1568 sthenem
564 1501 822 1568 imitati.
891 1502 1037 1588 Ego
1075 1505 1294 1568 autem
1332 1503 1571 1588 (dicam
1608 1505 1808 1588 enim,
1851 1508 1927 1569 ut
1960 1525 2064 1569 res
2104 1501 2251 1590 est),

151 1618 204 1658 1⁵
229 1591 384 1656 dum
449 1613 556 1657 me
611 1591 912 1674 ambitio,
975 1591 1127 1655 dum
1187 1591 1498 1676 honores,
1561 1591 1714 1656 dum
1777 1613 2007 1657 causae
2021 1643 2039 1676 ,
2101 1591 2252 1656 dum

228 1681 324 1744 rei
368 1679 674 1763 publicae
707 1700 842 1744 non
876 1680 1089 1745 solum
1130 1701 1310 1763 cura,
1356 1679 1469 1744 sed
1505 1680 1819 1764 quaedam
1866 1681 2061 1744 etiam
2106 1702 2253 1764 pro-

229 1769 482 1833 curatio
527 1767 751 1832 multis
791 1767 1022 1832 officiis
1065 1767 1469 1852 implicatum
1506 1771 1573 1832 et
1608 1767 2029 1833 constrictum
2076 1771 2255 1832 tene-

228 1857 375 1940 bat,
411 1855 576 1920 haec
611 1856 861 1920 inclusa
902 1856 1225 1921 habebam
1272 1859 1357 1938 et,
1399 1877 1483 1920 ne
1529 1856 2029 1940 obsolescerent,
2072 1877 2255 1923 reno-

228 1945 493 2028 vabam,
541 1965 687 2008 cum
731 1943 1001 2028 licebat,
1053 1943 1357 2030 legend03
1411 1966 1583 2010 nunc
1635 1966 1789 2009 vero
1837 1947 1903 2008 et
1953 1943 2253 2010 fortunae

153 2059 208 2099 zo
232 2033 622 2118 gravissimo
684 2053 1028 2116 percussus
1081 2033 1349 2096 vulnere
1418 2036 1483 2097 et
1546 2032 2101 2098 administratione
2159 2033 2255 2097 rei

230 2121 534 2206 publicae
598 2120 914 2185 liberatus
979 2120 1224 2185 doloris·
1291 2120 1677 2186 medicinam
1741 2143 1781 2185 a
1842 2120 2257 2204 philosophia

230 2213 384 2292 peto
433 2211 501 2272 et
545 2207 667 2273 otii
713 2208 1215 2274 oblectationem
1249 2208 1418 2273 hanc
1453 2207 1983 2275 honestissimam
2020 2208 2253 2274 iudico.

229 2297 371 2362 Aut
417 2296 592 2361 enim
635 2296 791 2361 huic
837 2298 1038 2362 aetati
1079 2295 1206 2362 hoc
1251 2297 1530 2361 maxime
1586 2300 1811 2382 aptum
1862 2301 1964 2363 est
2008 2299 2121 2362 aut
2174 2297 2253 2360 iis

231 2386 458 2468 rebus,
515 2384 572 2449 si
617 2405 776 2469 quas
824 2385 1054 2468 dignas
1100 2384 1290 2449 laude
1337 2386 1683 2470 gessimus,
1737 2385 1861 2450 hoc
1914 2385 1984 2450 in
2027 2385 2255 2469 primis
2362 2391 2367 2395 ’

2292 1516 2354 1567 11

159 2499 210 2539 25
233 2477 745 2538 consentaneum
801 2476 915 2537 aut
967 2474 1165 2538 etiam
1219 2472 1302 2537 ad
1345 2477 1602 2539 nostros
1658 2473 1831 2538 cives
1878 2471 2256 2536 erudiendos
2346 2505 2357 2512 -

231 2562 404 2627 nihil
457 2561 710 2640 utilius,
764 2565 904 2644 aut,
959 2562 1016 2626 si
1067 2561 1230 2626 haec
1281 2560 1379 2626 ita
1432 2583 1565 2626 11011
1618 2563 1791 2639 sunt,
1856 2559 2020 2623 nihil
2080 2558 2257 2622 aliud

231 2651 450 2734 video,
506 2649 677 2734 quod
723 2669 914 2732 agere
965 2649 1312 2733 possimus.
1408 2648 1649 2714 Brutus
1702 2647 1962 2732 quidem
2015 2650 2258 2730 noster,

235 2739 554 2804 excellens
601 2738 782 2802 omni
814 2758 1046 2822 genere
1083 2737 1317 2821 laudis,
1352 2737 1447 2802 sic
1481 2735 1969 2821 philosophiam
2004 2733 2258 2800 Latinis

235 2827 478 2892 litteris
534 2826 967 2909 persequitur,
1020 2826 1184 2890 nihil
1237 2829 1312 2890 ut
1358 2824 1591 2890 iisdem
1649 2823 1727 2889 de
1771 2824 1963 2889 rebus
2010 2823 2261 2889 Graeca

162 2938 214 2979 ω
237 2914 582 2997 desidereS,
620 2917 686 2977 et
715 2913 982 2978 eandem
1008 2912 1269 2997 quidem
1297 2914 1685 2978 sententiam
1722 2913 2029 2998 sequitur,
2066 2933 2259 2996 quam

235 3005 324 3068 tu.
395 3003 572 3068 Nam
617 2999 915 3066 Aristum
958 3001 1236 3066 Athenis
1283 3000 1532 3066 audivit
1576 3001 1863 3084 aliquam
1906 3001 2033 3085 diu,
2078 3001 2258 3065 cuius

233 3095 310 3156 tu
349 3091 626 3156 fratrem
671 3088 1086 3155 Antiochum.
1168 3088 1376 3165 Quam
1421 3089 1504 3155 ob
1550 3111 1687 3154 rem
1736 3089 1837 3174 da,
1880 3109 2119 3172 quaeso
2128 3138 2148 3172 ,
2191 3091 2259 3152 te

235 3179 385 3244 huic
429 3180 632 3244 etiam
677 3178 899 3262 generi
940 3178 1322 3242 litterarum.

369 3267 537 3334 Tum
601 3265 742 3331 ille:
829 3265 1010 3331 Istuc
1071 3265 1331 3350 quidem
1402 3263 1850 3348 considerabo,
1921 3285 2041 3329 nec
2106 3285 2258 3328 vero

167 3378 214 3419 35
239 3354 378 3421 sine
448 3357 536 3421 te.
653 3351 783 3419 Sed
854 3352 932 3418 de
1001 3357 1070 3419 te
1139 3354 1284 3438 ipso
1360 3352 1513 3437 quid
1580 3356 1706 3436 est,
1776 3352 2015 3436 inquit,
2088 3349 2261 3435 quod

239 3443 478 3508 audio?
569 3441 889 3526 Quanam,
932 3443 1223 3527 inquam,
1268 3440 1346 3505 de
1391 3445 1505 3506 re?
1591 3403 1915 3504 Relictam
1962 3461 2001 3503 a
2043 3441 2112 3502 te
2155 3459 2259 3500 ve-

237 3535 450 3596 terem
523 3529 970 3614 Academiam,
1041 3530 1281 3613 inquit,
1358 3528 1626 3592 tractari
1704 3529 1924 3590 autem
2002 3543 2259 3586 novam.

2298 2668 2361 2716 12

2300 3231 2364 3356 ἓ,
