2609 3884
392 195 522 261 198
724 192 822 248 DE
859 190 1148 247 FINIBUS
1183 189 1545 247 BONORUM
1578 188 1674 245 ΕΤ
1710 188 2074 245 MALORUM

386 378 726 510 32001335.
743 351 2406 525 “Zitiffinss'mfflssssiffisfflffffissfiessssquss’ffissss

386 532 735 617 possimus,
823 531 999 596 Nam
1045 530 1181 594 sine
1225 530 1349 594 hac
1396 532 1530 592 arte
1582 490 1872 611 quemvis
1918 529 2322 594 arbitrantur
2364 524 2441 593 a'

386 642 540 685 vero
589 619 819 686 abduci
862 618 1126 703 fallique
1171 638 1383 701 posse.
1480 614 1677 680 Recte
1723 616 1951 701 igitur,
2001 618 2060 681 si
2104 617 2405 682 omnibus

385 710 459 773 in
509 708 704 773 rebus
758 706 1092 773 temeritas
1147 704 1601 790 ignoratioque
1654 704 1895 769 vitiosa
1952 708 2077 789 est,
2140 726 2245 769 ars
2310 726 2405 789 ea,
2433 729 2459 770 ει

283 865 370 929 22
390 794 2044 967 quaijhtpfflassalepngzrtpgnnpggngffis§Sabutus
2088 881 2260 946 idem
2308 885 2409 947 est

285 944 350 994 ‘13
387 972 625 1056 honoS,
705 974 1054 1055 propterea
1134 968 1332 1053 quod,
1413 970 1525 1053 qui
1605 970 2057 1034 convenienter
2135 973 2407 1035 naturae

387 1060 676 1124 victurus
742 1059 856 1143 sit,
920 1058 980 1122 ei
1042 1057 1576 1142 proficiscendum
1638 1061 1738 1122 est
1792 1058 1877 1122 ab
1932 1058 2108 1123 omni
2167 1059 2406 1123 mundo

390 1151 584 1231 atque
648 1146 730 1211 ab
795 1147 932 1210 eius
984 1146 1457 1229 procuratione.
1558 1144 1697 1211 Nec
1750 1166 1903 1211 vero
1957 1150 2178 1230 potest
2231 1146 2404 1231 quis·
2434 1174 2491 1213 10

388 1256 585 1320 quam
649 1234 726 1300 de
790 1234 978 1298 bonis
1051 1237 1120 1298 et
1185 1234 1379 1299 malis
1454 1254 1603 1298 vere
1674 1234 1957 1299 iudicare
2026 1235 2156 1300 nisi
2230 1236 2406 1300 omni

389 1322 656 1405 cognita
716 1323 968 1386 ratione
1029 1325 1301 1386 naturae
1358 1324 1424 1386 et
1475 1323 1650 1387 vitae
1714 1322 1914 1387 etiam
1978 1321 2276 1408 deorum,
2340 1327 2408 1387 et

390 1413 608 1474 utrum
654 1410 996 1476 conveniat
1036 1431 1236 1474 necne
1281 1413 1519 1474 natura
1565 1410 1851 1475 hominis
1898 1432 2044 1475 cum
2088 1412 2405 1477 universa.

389 1498 694 1583 Quaeque
739 1501 893 1563 slmt
924 1500 1146 1563 vetera
1179 1501 1525 1583 praecepta
1563 1498 1981 1583 sapientium,
2026 1499 2138 1584 qui
2180 1500 2407 1565 iubent

385 1587 720 1673 tempori
771 1608 1040 1671 parere
1095 1589 1163 1651 et
1206 1586 1425 1671 sequi
1469 1586 1683 1651 deum
1730 1590 1797 1652 et
1848 1609 1926 1652 se
1972 1608 2293 1654 noscere
2340 1592 2406 1653 et
2432 1613 2486 1654 15

386 1675 590 1740 nihil
633 1675 894 1758 nimis,
948 1674 1109 1740 haec
1162 1675 1299 1739 sine
1353 1674 1643 1758 physicis
1702 1696 1897 1759 quam
1941 1676 2074 1740 vim
2119 1676 2406 1742 habeant

388 1760 486 1848 (et
546 1763 792 1828 habent
848 1759 1258 1847 maximam),
1320 1761 1534 1826 videre
1594 1784 1785 1827 nemo
1848 1766 2084 1847 potest.
2191 1764 2404 1848 Atque

391 1851 590 1915 etiam
635 1851 717 1915 ad
761 1850 1079 1915 iustitiam
1125 1850 1493 1934 colendam,
1538 1849 1622 1914 ad
1666 1850 1937 1916 tuendas
1975 1852 2297 1917 amicitias
2339 1856 2406 1916 et

385 1939 668 2022 reliquas
706 1939 1011 2004 caritates
1049 1937 1204 2022 quid
1238 1941 1471 2002 natura
1504 1939 1736 2022 valeat,
1774 1937 1932 2004 haec
1957 1962 2087 2004 una
2114 1940 2403 2025 cognitio

387 2028 605 2109 potest
654 2026 925 2092 tradere.
1020 2024 1158 2091 Nec
1209 2047 1364 2091 vero
1418 2027 1625 2109 pietas
1681 2026 1985 2092 adversus
2042 2026 2223 2111 deoS‚
2282 2049 2403 2093 nec
2430 2054 2483 2095 20

388 2117 630 2197 quanta
674 2114 755 2178 iis
811 2113 1026 2197 gratia
1069 2113 1406 2197 debeatur,
1461 2115 1598 2179 sine
1653 2115 2077 2198 explicatione
2130 2120 2404 2181 naturae

284 2214 354 2265 ’14
390 2202 682 2286 intellegi
724 2205 958 2284 potest.
1031 2199 1158 2267 Sed
1204 2202 1337 2266 iam
1383 2203 1589 2266 sentio
1626 2224 1728 2266 me
1765 2224 1906 2267 esse
1952 2204 2211 2287 longius
2254 2224 2403 2287 pro-

388 2293 670 2372 vectum,
715 2311 908 2374 quam
951 2289 1290 2373 proposita
1333 2290 1501 2354 ratio
1545 2291 1924 2372 postularet.
2003 2290 2249 2356 Verum
2294 2291 2402 2356 ad·

389 2377 707 2442 mirabilis
780 2378 1168 2461 compositio
1249 2377 1626 2461 disciplinae
1707 2378 2228 2464 incredibilisque
2300 2400 2402 2443 me

386 2486 603 2531 rerum
639 2465 842 2529 traxit
876 2464 1062 2550 ord03
1109 2486 1325 2549 quem,
1369 2487 1488 2548 per
1528 2466 1680 2531 deos
1715 2467 2143 2532 immortales!
2188 2488 2405 2533 nonne
2430 2494 2483 2533 25

387 2552 688 2618 miraris?
801 2552 969 2629 Quid
1033 2554 1204 2619 enim
1257 2558 1371 2618 aut
1434 2554 1503 2617 in
1567 2558 1825 2637 natura,
1888 2576 2015 2639 qua
2075 2554 2240 2619 nihil
2304 2558 2405 2619 est

379 2642 628 2725 aptius,
680 2640 847 2706 nihil
891 2641 1292 2726 discriptius,
1353 2644 1467 2706 aut
1508 2641 1578 2706 in
1622 2642 1924 2725 operibus
1970 2664 2167 2708 manu
2210 2643 2402 2708 factis

380 2732 522 2793 tam
561 2730 991 2812 compositum
1032 2733 1294 2813 tamque
1336 2732 1742 2813 compactum
1779 2732 1845 2794 et
1881 2734 2403 2815 coagmentatum

383 2817 661 2881 inveniri
713 2817 975 2901 potest?
1031 2817 1185 2900 quid
1239 2816 1563 2900 posterius
1616 2818 1819 2900 priori
1874 2839 2009 2883 non
2055 2818 2402 2883 convenit?

385 2903 539 2986 quid
594 2904 904 2989 sequitur,
960 2904 1132 2989 quod
1190 2927 1323 2970 non
1375 2906 1761 2988 respondeat
1820 2905 2180 2989 superiori?
2245 2906 2403 2991 quid
2431 2934 2485 2973 30

382 3012 516 3056 non
571 2991 664 3056 sic
717 2992 895 3074 aliud
951 3014 1027 3056 ex
1075 2992 1204 3057 alio
1248 2992 1557 3076 nectitur,
1610 2997 1711 3077 ut,
1766 2993 1825 3057 si
1866 2994 2069 3058 ullam
2114 2993 2404 3059 litteram

383 3079 662 3145 moveris
671 3129 690 3163 ,
763 3080 988 3145 labent
1041 3079 1300 3144 omnia?
1408 3079 1547 3145 Nec
1599 3084 1822 3145 tamen
1881 3081 2221 3166 quicquam
2286 3085 2405 3166 est,

386 3168 558 3251 quod
602 3167 849 3232 moveri
897 3167 1126 3250 possit.

279 3266 346 3317 75
520 3254 729 3331 Quam
794 3254 1010 3338 gravis
1074 3275 1256 3338 vero,
1322 3277 1517 3340 quam
1581 3256 1949 3341 magnifica,
2004 3279 2199 3341 quam
2254 3278 2403 3323 con-

383 3346 567 3408 stans
632 3342 970 3406 conficitur
1039 3363 1319 3423 persona
1392 3342 1728 3426 sapientis!
1803 3344 1939 3429 qui,
2011 3366 2157 3409 cum
2230 3347 2403 3410 ratio
2432 3372 2485 3411 ετ.

384 3429 698 3512 docuerit,
745 3428 914 3512 quod
957 3428 1306 3494 honestum
1355 3434 1551 3513 esset,
1595 3431 1664 3496 id
1710 3453 1850 3497 esse
1888 3432 2099 3498 solum
2138 3433 2403 3517 bonum,

380 3537 636 3603 semper
707 3516 793 3580 sit
861 3537 1124 3581 necesse
1198 3522 1298 3582 est
1360 3519 1589 3583 beatus
1651 3540 1925 3607 vereque
1989 3521 2208 3586 omnia
2270 3522 2406 3589 ista
