<?xml version="1.0" encoding="UTF-8"?>
<!DOCTYPE html PUBLIC "-//W3C//DTD XHTML 1.0 Transitional//EN"
    "http://www.w3.org/TR/xhtml1/DTD/xhtml1-transitional.dtd">
<html xmlns="http://www.w3.org/1999/xhtml" xml:lang="en" lang="en">
 <head>
  <title>
</title>
<meta http-equiv="Content-Type" content="text/html;charset=utf-8" />
  <meta name='ocr-system' content='tesseract 3.04.00' />
  <meta name='ocr-capabilities' content='ocr_page ocr_carea ocr_par ocr_line ocrx_word'/>
</head>
<body>
  <div class='ocr_page' id='page_1' title='image "./scriptaquaemans01mlgoog_0480.png"; bbox 0 0 2609 3884; ppageno 0'>
   <div class='ocr_carea' id='block_1_1' title="bbox 278 829 345 877">
    <p class='ocr_par' dir='ltr' id='par_1_1' title="bbox 278 829 345 877">
     <span class='ocr_line' id='line_1_1' title="bbox 278 829 345 877; baseline 0 0"><span class='ocrx_word' id='word_1_1' title='bbox 278 829 345 877; x_wconf 81' lang='lat'><strong>14</strong></span> 
     </span>
    </p>
   </div>
   <div class='ocr_carea' id='block_1_2' title="bbox 279 1939 342 2064">
    <p class='ocr_par' dir='ltr' id='par_1_2' title="bbox 279 1939 342 2064">
     <span class='ocr_line' id='line_1_2' title="bbox 279 1939 342 2064; baseline 0 0"><span class='ocrx_word' id='word_1_2' title='bbox 279 1939 342 2064; x_wconf 59' lang='grc' dir='ltr'><strong>ἑὲ</strong></span> 
     </span>
    </p>
   </div>
   <div class='ocr_carea' id='block_1_3' title="bbox 278 3460 343 3508">
    <p class='ocr_par' dir='ltr' id='par_1_3' title="bbox 278 3460 343 3508">
     <span class='ocr_line' id='line_1_3' title="bbox 278 3460 343 3508; baseline 0.015 -1"><span class='ocrx_word' id='word_1_3' title='bbox 278 3460 343 3508; x_wconf 78' lang='grc'><strong>16</strong></span> 
     </span>
    </p>
   </div>
   <div class='ocr_carea' id='block_1_4' title="bbox 378 118 2017 188">
    <p class='ocr_par' dir='ltr' id='par_1_4' title="bbox 378 118 2017 188">
     <span class='ocr_line' id='line_1_4' title="bbox 378 118 2017 188; baseline -0.007 -2"><span class='ocrx_word' id='word_1_4' title='bbox 378 123 515 188; x_wconf 88' lang='grc'><strong>430</strong></span> <span class='ocrx_word' id='word_1_5' title='bbox 774 120 1376 178; x_wconf 75' lang='lat' dir='ltr'><strong>TUSCULANARUM</strong></span> <span class='ocrx_word' id='word_1_6' title='bbox 1409 118 2017 178; x_wconf 74' lang='lat' dir='ltr'><strong>DISPUTATIONUM</strong></span> 
     </span>
    </p>
   </div>
   <div class='ocr_carea' id='block_1_5' title="bbox 377 281 2598 3570">
    <p class='ocr_par' dir='ltr' id='par_1_5' title="bbox 377 281 2598 1931">
     <span class='ocr_line' id='line_1_5' title="bbox 380 281 2414 385; baseline -0.002 -35"><span class='ocrx_word' id='word_1_7' title='bbox 380 285 649 370; x_wconf 79' lang='lat' dir='ltr'><strong>vulgata</strong></span> <span class='ocrx_word' id='word_1_8' title='bbox 692 287 871 367; x_wconf 88' lang='lat' dir='ltr'><strong>sunt,</strong></span> <span class='ocrx_word' id='word_1_9' title='bbox 917 283 1029 348; x_wconf 89' lang='lat' dir='ltr'><strong>sed</strong></span> <span class='ocrx_word' id='word_1_10' title='bbox 1074 283 1280 349; x_wconf 85' lang='lat' dir='ltr'><strong>multo</strong></span> <span class='ocrx_word' id='word_1_11' title='bbox 1327 282 1568 368; x_wconf 87' lang='lat' dir='ltr'><strong>magis,</strong></span> <span class='ocrx_word' id='word_1_12' title='bbox 1623 282 1801 385; x_wconf 82' lang='lat' dir='ltr'><strong>quia,</strong></span> <span class='ocrx_word' id='word_1_13' title='bbox 1855 283 2192 366; x_wconf 89' lang='lat' dir='ltr'><strong>tamquam</strong></span> <span class='ocrx_word' id='word_1_14' title='bbox 2234 281 2414 346; x_wconf 81' lang='lat' dir='ltr'><strong>levia</strong></span> 
     </span>
     <span class='ocr_line' id='line_1_6' title="bbox 381 367 2413 458; baseline -0.002 -20"><span class='ocrx_word' id='word_1_15' title='bbox 381 372 699 458; x_wconf 83' lang='lat' dir='ltr'><strong>quaedam</strong></span> <span class='ocrx_word' id='word_1_16' title='bbox 733 373 887 438; x_wconf 83' lang='lat' dir='ltr'><strong>vina</strong></span> <span class='ocrx_word' id='word_1_17' title='bbox 918 371 1091 436; x_wconf 89' lang='lat' dir='ltr'><strong>nihil</strong></span> <span class='ocrx_word' id='word_1_18' title='bbox 1131 372 1353 436; x_wconf 83' lang='lat' dir='ltr'><strong>valent</strong></span> <span class='ocrx_word' id='word_1_19' title='bbox 1387 370 1462 435; x_wconf 91' lang='lat' dir='ltr'><strong>in</strong></span> <span class='ocrx_word' id='word_1_20' title='bbox 1495 391 1689 455; x_wconf 88' lang='lat' dir='ltr'><strong>aqua,</strong></span> <span class='ocrx_word' id='word_1_21' title='bbox 1735 371 1832 435; x_wconf 87' lang='lat' dir='ltr'><strong>sic</strong></span> <span class='ocrx_word' id='word_1_22' title='bbox 1867 367 2236 436; x_wconf 86' lang='lat' dir='ltr'><strong>Stoicorum</strong></span> <span class='ocrx_word' id='word_1_23' title='bbox 2278 369 2413 434; x_wconf 82' lang='lat' dir='ltr'><strong>ista</strong></span> 
     </span>
     <span class='ocr_line' id='line_1_7' title="bbox 379 454 2597 630; baseline -0.001 -17"><span class='ocrx_word' id='word_1_24' title='bbox 379 460 616 614; x_wconf 57' lang='lat'><strong>32³3.</strong></span> <span class='ocrx_word' id='word_1_25' title='bbox 658 461 1486 614; x_wconf 54' lang='lat' dir='ltr'><strong>fflffffimqffleffiffi</strong></span> <span class='ocrx_word' id='word_1_26' title='bbox 1505 458 1896 629; x_wconf 53' lang='grc' dir='ltr'><strong>ἐξῖἶὲῑξῗ</strong></span> <span class='ocrx_word' id='word_1_27' title='bbox 1893 454 2220 630; x_wconf 50' lang='lat' dir='ltr'><strong>1202.ssssss</strong></span> <span class='ocrx_word' id='word_1_28' title='bbox 2260 457 2410 611; x_wconf 52' lang='grc' dir='ltr'><strong>ἐξ</strong></span> <span class='ocrx_word' id='word_1_29' title='bbox 2596 579 2597 584; x_wconf 25' lang='grc' dir='ltr'>ψ</span> 
     </span>
     <span class='ocr_line' id='line_1_8' title="bbox 381 613 2598 734; baseline -0 -32"><span class='ocrx_word' id='word_1_30' title='bbox 381 636 597 702; x_wconf 87' lang='lat' dir='ltr'><strong>stituit</strong></span> <span class='ocrx_word' id='word_1_31' title='bbox 651 640 801 701; x_wconf 88' lang='lat' dir='ltr'><strong>ante</strong></span> <span class='ocrx_word' id='word_1_32' title='bbox 856 635 1079 702; x_wconf 88' lang='lat' dir='ltr'><strong>oculos</strong></span> <span class='ocrx_word' id='word_1_33' title='bbox 1134 656 1283 702; x_wconf 89' lang='lat' dir='ltr'><strong>cum</strong></span> <span class='ocrx_word' id='word_1_34' title='bbox 1335 633 1740 719; x_wconf 85' lang='lat' dir='ltr'><strong>amplissima</strong></span> <span class='ocrx_word' id='word_1_35' title='bbox 1793 633 2142 734; x_wconf 75' lang='lat' dir='ltr'><strong>dignitate,</strong></span> <span class='ocrx_word' id='word_1_36' title='bbox 2192 635 2272 697; x_wconf 87' lang='lat' dir='ltr'><strong>ut</strong></span> <span class='ocrx_word' id='word_1_37' title='bbox 2329 633 2411 698; x_wconf 89' lang='lat' dir='ltr'><strong>ad</strong></span> <span class='ocrx_word' id='word_1_38' title='bbox 2437 661 2466 702; x_wconf 75' lang='lat'><strong>⁵</strong></span> <span class='ocrx_word' id='word_1_39' title='bbox 2592 613 2598 686; x_wconf 57' lang='lat'><strong>⁴2</strong></span> 
     </span>
     <span class='ocr_line' id='line_1_9' title="bbox 381 719 2409 808; baseline -0.001 -19"><span class='ocrx_word' id='word_1_40' title='bbox 381 745 493 790; x_wconf 83' lang='lat' dir='ltr'><strong>eas</strong></span> <span class='ocrx_word' id='word_1_41' title='bbox 541 724 780 789; x_wconf 88' lang='lat' dir='ltr'><strong>cursim</strong></span> <span class='ocrx_word' id='word_1_42' title='bbox 836 726 1209 808; x_wconf 88' lang='lat' dir='ltr'><strong>perrectura</strong></span> <span class='ocrx_word' id='word_1_43' title='bbox 1249 743 1372 788; x_wconf 90' lang='lat' dir='ltr'><strong>nec</strong></span> <span class='ocrx_word' id='word_1_44' title='bbox 1416 743 1528 786; x_wconf 89' lang='lat' dir='ltr'><strong>eas</strong></span> <span class='ocrx_word' id='word_1_45' title='bbox 1575 721 1771 788; x_wconf 89' lang='lat' dir='ltr'><strong>beata</strong></span> <span class='ocrx_word' id='word_1_46' title='bbox 1813 721 1952 786; x_wconf 76' lang='lat' dir='ltr'><strong>vita</strong></span> <span class='ocrx_word' id='word_1_47' title='bbox 1996 744 2037 786; x_wconf 91' lang='lat' dir='ltr'><strong>a</strong></span> <span class='ocrx_word' id='word_1_48' title='bbox 2080 742 2151 786; x_wconf 84' lang='lat' dir='ltr'><strong>se</strong></span> <span class='ocrx_word' id='word_1_49' title='bbox 2194 719 2409 786; x_wconf 88' lang='lat' dir='ltr'><strong>deser-</strong></span> 
     </span>
     <span class='ocr_line' id='line_1_10' title="bbox 380 809 2411 897; baseline -0.002 -19"><span class='ocrx_word' id='word_1_50' title='bbox 380 816 485 878; x_wconf 87' lang='lat' dir='ltr'><strong>tas</strong></span> <span class='ocrx_word' id='word_1_51' title='bbox 549 833 821 897; x_wconf 88' lang='lat' dir='ltr'><strong>passura</strong></span> <span class='ocrx_word' id='word_1_52' title='bbox 882 810 1215 895; x_wconf 78' lang='lat' dir='ltr'><strong>videatur;</strong></span> <span class='ocrx_word' id='word_1_53' title='bbox 1286 831 1435 876; x_wconf 90' lang='lat' dir='ltr'><strong>cum</strong></span> <span class='ocrx_word' id='word_1_54' title='bbox 1498 813 1717 876; x_wconf 86' lang='lat' dir='ltr'><strong>autem</strong></span> <span class='ocrx_word' id='word_1_55' title='bbox 1780 809 2072 874; x_wconf 87' lang='lat' dir='ltr'><strong>animum</strong></span> <span class='ocrx_word' id='word_1_56' title='bbox 2131 809 2218 874; x_wconf 84' lang='lat' dir='ltr'><strong>ab</strong></span> <span class='ocrx_word' id='word_1_57' title='bbox 2281 809 2411 874; x_wconf 86' lang='lat' dir='ltr'><strong>ista</strong></span> 
     </span>
     <span class='ocr_line' id='line_1_11' title="bbox 379 896 2410 985; baseline -0.001 -20"><span class='ocrx_word' id='word_1_58' title='bbox 379 900 633 985; x_wconf 89' lang='lat' dir='ltr'><strong>pictura</strong></span> <span class='ocrx_word' id='word_1_59' title='bbox 686 898 1209 984; x_wconf 79' lang='lat' dir='ltr'><strong>imaginibusque</strong></span> <span class='ocrx_word' id='word_1_60' title='bbox 1252 898 1570 963; x_wconf 83' lang='lat' dir='ltr'><strong>virtutum</strong></span> <span class='ocrx_word' id='word_1_61' title='bbox 1629 896 1713 964; x_wconf 89' lang='lat' dir='ltr'><strong>ad</strong></span> <span class='ocrx_word' id='word_1_62' title='bbox 1755 919 1898 964; x_wconf 91' lang='lat' dir='ltr'><strong>rem</strong></span> <span class='ocrx_word' id='word_1_63' title='bbox 1940 897 2410 981; x_wconf 81' lang='lat' dir='ltr'><strong>veritatemque</strong></span> 
     </span>
     <span class='ocr_line' id='line_1_12' title="bbox 378 985 2409 1071; baseline -0.001 -19"><span class='ocrx_word' id='word_1_64' title='bbox 378 987 761 1070; x_wconf 85' lang='lat' dir='ltr'><strong>traduxeris,</strong></span> <span class='ocrx_word' id='word_1_65' title='bbox 795 986 921 1054; x_wconf 89' lang='lat' dir='ltr'><strong>hoc</strong></span> <span class='ocrx_word' id='word_1_66' title='bbox 956 987 1200 1052; x_wconf 89' lang='lat' dir='ltr'><strong>nudum</strong></span> <span class='ocrx_word' id='word_1_67' title='bbox 1225 985 1635 1071; x_wconf 88' lang='lat' dir='ltr'><strong>relinquitur,</strong></span> <span class='ocrx_word' id='word_1_68' title='bbox 1669 985 1966 1070; x_wconf 76' lang='lat' dir='ltr'><strong>possitne</strong></span> <span class='ocrx_word' id='word_1_69' title='bbox 2003 985 2148 1070; x_wconf 89' lang='lat' dir='ltr'><strong>quis</strong></span> <span class='ocrx_word' id='word_1_70' title='bbox 2176 985 2409 1050; x_wconf 85' lang='lat' dir='ltr'><strong>beatus</strong></span> 
     </span>
     <span class='ocr_line' id='line_1_13' title="bbox 381 1072 2492 1160; baseline 0 -20"><span class='ocrx_word' id='word_1_71' title='bbox 381 1096 548 1160; x_wconf 91' lang='lat' dir='ltr'><strong>esse,</strong></span> <span class='ocrx_word' id='word_1_72' title='bbox 602 1096 797 1158; x_wconf 89' lang='lat' dir='ltr'><strong>quam</strong></span> <span class='ocrx_word' id='word_1_73' title='bbox 852 1074 961 1138; x_wconf 87' lang='lat' dir='ltr'><strong>diu</strong></span> <span class='ocrx_word' id='word_1_74' title='bbox 1004 1077 1403 1158; x_wconf 74' lang='lat' dir='ltr'><strong>torqueatur.</strong></span> <span class='ocrx_word' id='word_1_75' title='bbox 1493 1073 1701 1150; x_wconf 84' lang='lat' dir='ltr'><strong>Quam</strong></span> <span class='ocrx_word' id='word_1_76' title='bbox 1747 1074 1832 1140; x_wconf 91' lang='lat' dir='ltr'><strong>ob</strong></span> <span class='ocrx_word' id='word_1_77' title='bbox 1875 1094 2016 1138; x_wconf 89' lang='lat' dir='ltr'><strong>rem</strong></span> <span class='ocrx_word' id='word_1_78' title='bbox 2062 1072 2188 1138; x_wconf 90' lang='lat' dir='ltr'><strong>hoc</strong></span> <span class='ocrx_word' id='word_1_79' title='bbox 2229 1093 2410 1140; x_wconf 84' lang='lat' dir='ltr'><strong>nunc</strong></span> <span class='ocrx_word' id='word_1_80' title='bbox 2437 1102 2492 1141; x_wconf 82' lang='grc' dir='ltr'><strong>1ο</strong></span> 
     </span>
     <span class='ocr_line' id='line_1_14' title="bbox 382 1161 2413 1247; baseline 0 -21"><span class='ocrx_word' id='word_1_81' title='bbox 382 1183 793 1247; x_wconf 85' lang='lat' dir='ltr'><strong>quaeramus;</strong></span> <span class='ocrx_word' id='word_1_82' title='bbox 838 1162 1113 1228; x_wconf 82' lang='lat' dir='ltr'><strong>virtutes</strong></span> <span class='ocrx_word' id='word_1_83' title='bbox 1160 1165 1380 1228; x_wconf 69' lang='lat' dir='ltr'><strong>antem</strong></span> <span class='ocrx_word' id='word_1_84' title='bbox 1422 1161 1564 1227; x_wconf 89' lang='lat' dir='ltr'><strong>noli</strong></span> <span class='ocrx_word' id='word_1_85' title='bbox 1605 1162 1813 1226; x_wconf 83' lang='lat' dir='ltr'><strong>vereri</strong></span> <span class='ocrx_word' id='word_1_86' title='bbox 1857 1182 1940 1226; x_wconf 89' lang='lat' dir='ltr'><strong>ne</strong></span> <span class='ocrx_word' id='word_1_87' title='bbox 1989 1161 2413 1246; x_wconf 79' lang='lat' dir='ltr'><strong>expostulent</strong></span> 
     </span>
     <span class='ocr_line' id='line_1_15' title="bbox 381 1247 2411 1335; baseline 0 -21"><span class='ocrx_word' id='word_1_88' title='bbox 381 1253 449 1314; x_wconf 89' lang='lat' dir='ltr'><strong>et</strong></span> <span class='ocrx_word' id='word_1_89' title='bbox 502 1253 855 1335; x_wconf 83' lang='lat' dir='ltr'><strong>querantur</strong></span> <span class='ocrx_word' id='word_1_90' title='bbox 908 1271 977 1315; x_wconf 92' lang='lat' dir='ltr'><strong>se</strong></span> <span class='ocrx_word' id='word_1_91' title='bbox 1024 1272 1065 1314; x_wconf 91' lang='lat' dir='ltr'><strong>a</strong></span> <span class='ocrx_word' id='word_1_92' title='bbox 1115 1250 1310 1318; x_wconf 89' lang='lat' dir='ltr'><strong>beata</strong></span> <span class='ocrx_word' id='word_1_93' title='bbox 1360 1251 1500 1315; x_wconf 81' lang='lat' dir='ltr'><strong>vita</strong></span> <span class='ocrx_word' id='word_1_94' title='bbox 1553 1271 1693 1314; x_wconf 78' lang='lat' dir='ltr'><strong>esse</strong></span> <span class='ocrx_word' id='word_1_95' title='bbox 1744 1249 2028 1315; x_wconf 86' lang='lat' dir='ltr'><strong>relictas.</strong></span> <span class='ocrx_word' id='word_1_96' title='bbox 2117 1247 2190 1314; x_wconf 85' lang='lat' dir='ltr'><strong>Si</strong></span> <span class='ocrx_word' id='word_1_97' title='bbox 2235 1249 2411 1315; x_wconf 91' lang='lat' dir='ltr'><strong>enim</strong></span> 
     </span>
     <span class='ocr_line' id='line_1_16' title="bbox 379 1335 2410 1422; baseline 0 -20"><span class='ocrx_word' id='word_1_98' title='bbox 379 1338 566 1403; x_wconf 91' lang='lat' dir='ltr'><strong>nulla</strong></span> <span class='ocrx_word' id='word_1_99' title='bbox 598 1339 806 1404; x_wconf 83' lang='lat' dir='ltr'><strong>virtus</strong></span> <span class='ocrx_word' id='word_1_100' title='bbox 850 1338 1195 1422; x_wconf 87' lang='lat' dir='ltr'><strong>prudentia</strong></span> <span class='ocrx_word' id='word_1_101' title='bbox 1228 1341 1446 1422; x_wconf 84' lang='lat' dir='ltr'><strong>vacat,</strong></span> <span class='ocrx_word' id='word_1_102' title='bbox 1490 1337 1893 1422; x_wconf 86' lang='lat' dir='ltr'><strong>prudentia</strong></span> <span class='ocrx_word' id='word_1_103' title='bbox 1872 1359 2018 1422; x_wconf 76' lang='lat' dir='ltr'><strong>ipsa</strong></span> <span class='ocrx_word' id='word_1_104' title='bbox 2049 1335 2178 1403; x_wconf 86' lang='lat' dir='ltr'><strong>hoc</strong></span> <span class='ocrx_word' id='word_1_105' title='bbox 2195 1337 2410 1422; x_wconf 78' lang='lat' dir='ltr'><strong>videt,</strong></span> 
     </span>
     <span class='ocr_line' id='line_1_17' title="bbox 378 1413 2410 1510; baseline 0 -18"><span class='ocrx_word' id='word_1_106' title='bbox 378 1448 513 1492; x_wconf 89' lang='lat' dir='ltr'><strong>non</strong></span> <span class='ocrx_word' id='word_1_107' title='bbox 576 1427 791 1493; x_wconf 88' lang='lat' dir='ltr'><strong>omnis</strong></span> <span class='ocrx_word' id='word_1_108' title='bbox 858 1427 1064 1493; x_wconf 89' lang='lat' dir='ltr'><strong>bonos</strong></span> <span class='ocrx_word' id='word_1_109' title='bbox 1128 1447 1271 1492; x_wconf 88' lang='lat' dir='ltr'><strong>esse</strong></span> <span class='ocrx_word' id='word_1_110' title='bbox 1336 1427 1533 1493; x_wconf 82' lang='lat' dir='ltr'><strong>etiam</strong></span> <span class='ocrx_word' id='word_1_111' title='bbox 1594 1426 1850 1510; x_wconf 76' lang='grc'>1188108,</span> <span class='ocrx_word' id='word_1_112' title='bbox 1921 1413 2257 1510; x_wconf 80' lang='lat' dir='ltr'><strong>multaque</strong></span> <span class='ocrx_word' id='word_1_113' title='bbox 2331 1425 2410 1492; x_wconf 85' lang='lat' dir='ltr'><strong>de</strong></span> 
     </span>
     <span class='ocr_line' id='line_1_18' title="bbox 379 1512 2490 1598; baseline 0.001 -19"><span class='ocrx_word' id='word_1_114' title='bbox 379 1514 469 1580; x_wconf 90' lang='lat' dir='ltr'><strong>M.</strong></span> <span class='ocrx_word' id='word_1_115' title='bbox 495 1513 725 1598; x_wconf 89' lang='lat' dir='ltr'><strong>Atilio,</strong></span> <span class='ocrx_word' id='word_1_116' title='bbox 762 1512 835 1590; x_wconf 85' lang='lat' dir='ltr'><strong>Q.</strong></span> <span class='ocrx_word' id='word_1_117' title='bbox 873 1512 1215 1598; x_wconf 81' lang='lat' dir='ltr'><strong>Caepione,</strong></span> <span class='ocrx_word' id='word_1_118' title='bbox 1249 1513 1356 1580; x_wconf 82' lang='grc' dir='ltr'><strong>Μ’.</strong></span> <span class='ocrx_word' id='word_1_119' title='bbox 1383 1513 1650 1598; x_wconf 81' lang='lat' dir='ltr'><strong>Aquilio</strong></span> <span class='ocrx_word' id='word_1_120' title='bbox 1685 1513 2082 1596; x_wconf 84' lang='lat' dir='ltr'><strong>recordatur,</strong></span> <span class='ocrx_word' id='word_1_121' title='bbox 2115 1513 2406 1579; x_wconf 87' lang='lat' dir='ltr'><strong>beatam-</strong></span> <span class='ocrx_word' id='word_1_122' title='bbox 2435 1540 2490 1581; x_wconf 82' lang='lat'><strong>15</strong></span> 
     </span>
     <span class='ocr_line' id='line_1_19' title="bbox 380 1601 2409 1688; baseline -0 -21"><span class='ocrx_word' id='word_1_123' title='bbox 380 1624 505 1688; x_wconf 88' lang='lat' dir='ltr'><strong>que</strong></span> <span class='ocrx_word' id='word_1_124' title='bbox 549 1603 779 1685; x_wconf 83' lang='lat' dir='ltr'><strong>vitam,</strong></span> <span class='ocrx_word' id='word_1_125' title='bbox 824 1603 882 1668; x_wconf 84' lang='lat' dir='ltr'><strong>si</strong></span> <span class='ocrx_word' id='word_1_126' title='bbox 926 1602 1327 1688; x_wconf 82' lang='lat' dir='ltr'><strong>imaginibus</strong></span> <span class='ocrx_word' id='word_1_127' title='bbox 1362 1603 1583 1686; x_wconf 88' lang='lat' dir='ltr'><strong>potius</strong></span> <span class='ocrx_word' id='word_1_128' title='bbox 1619 1602 1720 1666; x_wconf 90' lang='lat' dir='ltr'><strong>uti</strong></span> <span class='ocrx_word' id='word_1_129' title='bbox 1765 1623 1961 1687; x_wconf 89' lang='lat' dir='ltr'><strong>quam</strong></span> <span class='ocrx_word' id='word_1_130' title='bbox 2002 1601 2198 1666; x_wconf 87' lang='lat' dir='ltr'><strong>rebus</strong></span> <span class='ocrx_word' id='word_1_131' title='bbox 2244 1601 2409 1685; x_wconf 90' lang='lat' dir='ltr'><strong>ipsis</strong></span> 
     </span>
     <span class='ocr_line' id='line_1_20' title="bbox 379 1687 2412 1774; baseline -0 -19"><span class='ocrx_word' id='word_1_132' title='bbox 379 1691 619 1774; x_wconf 89' lang='lat' dir='ltr'><strong>placet,</strong></span> <span class='ocrx_word' id='word_1_133' title='bbox 665 1692 1060 1756; x_wconf 86' lang='lat' dir='ltr'><strong>conantem’</strong></span> <span class='ocrx_word' id='word_1_134' title='bbox 1040 1711 1137 1754; x_wconf 87' lang='grc'><strong>118</strong></span> <span class='ocrx_word' id='word_1_135' title='bbox 1171 1691 1242 1755; x_wconf 87' lang='grc'><strong>111</strong></span> <span class='ocrx_word' id='word_1_136' title='bbox 1278 1691 1569 1755; x_wconf 83' lang='lat' dir='ltr'><strong>eculeum</strong></span> <span class='ocrx_word' id='word_1_137' title='bbox 1604 1690 1844 1755; x_wconf 90' lang='lat' dir='ltr'><strong>retinet</strong></span> <span class='ocrx_word' id='word_1_138' title='bbox 1880 1690 2027 1774; x_wconf 86' lang='lat' dir='ltr'><strong>ipsa</strong></span> <span class='ocrx_word' id='word_1_139' title='bbox 2059 1687 2412 1772; x_wconf 82' lang='lat' dir='ltr'><strong>prudentia</strong></span> 
     </span>
     <span class='ocr_line' id='line_1_21' title="bbox 377 1777 2412 1862; baseline 0 -20"><span class='ocrx_word' id='word_1_140' title='bbox 377 1780 700 1862; x_wconf 86' lang='lat' dir='ltr'><strong>negatque</strong></span> <span class='ocrx_word' id='word_1_141' title='bbox 764 1779 827 1843; x_wconf 91' lang='lat' dir='ltr'><strong>ei</strong></span> <span class='ocrx_word' id='word_1_142' title='bbox 887 1799 1035 1844; x_wconf 91' lang='lat' dir='ltr'><strong>cum</strong></span> <span class='ocrx_word' id='word_1_143' title='bbox 1096 1778 1322 1843; x_wconf 88' lang='lat' dir='ltr'><strong>dolore</strong></span> <span class='ocrx_word' id='word_1_144' title='bbox 1386 1781 1452 1842; x_wconf 91' lang='lat' dir='ltr'><strong>et</strong></span> <span class='ocrx_word' id='word_1_145' title='bbox 1510 1777 1802 1844; x_wconf 90' lang='lat' dir='ltr'><strong>cruciatu</strong></span> <span class='ocrx_word' id='word_1_146' title='bbox 1856 1777 2203 1862; x_wconf 86' lang='lat' dir='ltr'><strong>quicquam</strong></span> <span class='ocrx_word' id='word_1_147' title='bbox 2266 1797 2412 1842; x_wconf 90' lang='lat' dir='ltr'><strong>esse</strong></span> 
     </span>
     <span class='ocr_line' id='line_1_22' title="bbox 382 1887 738 1931; baseline 0 -1"><span class='ocrx_word' id='word_1_148' title='bbox 382 1887 738 1931; x_wconf 89' lang='lat' dir='ltr'><strong>commune.</strong></span> 
     </span>
    </p>

    <p class='ocr_par' dir='ltr' id='par_1_6' title="bbox 377 1952 2491 2282">
     <span class='ocr_line' id='line_1_23' title="bbox 512 1952 2491 2039; baseline 0.002 -21"><span class='ocrx_word' id='word_1_149' title='bbox 512 1958 607 2018; x_wconf 89' lang='lat' dir='ltr'><strong>M.</strong></span> <span class='ocrx_word' id='word_1_150' title='bbox 650 1953 869 2020; x_wconf 87' lang='lat' dir='ltr'><strong>Facile</strong></span> <span class='ocrx_word' id='word_1_151' title='bbox 914 1955 1130 2038; x_wconf 77' lang='lat' dir='ltr'><strong>patior</strong></span> <span class='ocrx_word' id='word_1_152' title='bbox 1170 1957 1239 2019; x_wconf 92' lang='lat' dir='ltr'><strong>te</strong></span> <span class='ocrx_word' id='word_1_153' title='bbox 1275 1955 1405 2020; x_wconf 84' lang='lat' dir='ltr'><strong>isto</strong></span> <span class='ocrx_word' id='word_1_154' title='bbox 1443 1952 1634 2019; x_wconf 85' lang='lat' dir='ltr'><strong>modo</strong></span> <span class='ocrx_word' id='word_1_155' title='bbox 1683 1974 1910 2039; x_wconf 89' lang='lat' dir='ltr'><strong>agere,</strong></span> <span class='ocrx_word' id='word_1_156' title='bbox 1951 1952 2076 2018; x_wconf 80' lang='lat' dir='ltr'><strong>etsi</strong></span> <span class='ocrx_word' id='word_1_157' title='bbox 2111 1952 2411 2037; x_wconf 81' lang='lat' dir='ltr'><strong>iniquum</strong></span> <span class='ocrx_word' id='word_1_158' title='bbox 2436 1981 2491 2022; x_wconf 66' lang='grc' dir='ltr'><strong>ιο</strong></span> 
     </span>
     <span class='ocr_line' id='line_1_24' title="bbox 381 2040 2411 2126; baseline 0 -21"><span class='ocrx_word' id='word_1_159' title='bbox 381 2044 484 2106; x_wconf 92' lang='lat' dir='ltr'><strong>est</strong></span> <span class='ocrx_word' id='word_1_160' title='bbox 517 2041 954 2125; x_wconf 82' lang='lat' dir='ltr'><strong>praescribere</strong></span> <span class='ocrx_word' id='word_1_161' title='bbox 990 2042 1154 2107; x_wconf 88' lang='grc'>1111111</span> <span class='ocrx_word' id='word_1_162' title='bbox 1188 2045 1283 2126; x_wconf 90' lang='lat' dir='ltr'><strong>te,</strong></span> <span class='ocrx_word' id='word_1_163' title='bbox 1319 2063 1511 2126; x_wconf 91' lang='lat' dir='ltr'><strong>quem</strong></span> <span class='ocrx_word' id='word_1_164' title='bbox 1549 2041 1634 2106; x_wconf 89' lang='lat' dir='ltr'><strong>ad</strong></span> <span class='ocrx_word' id='word_1_165' title='bbox 1671 2041 1936 2107; x_wconf 90' lang='lat' dir='ltr'><strong>modum</strong></span> <span class='ocrx_word' id='word_1_166' title='bbox 1971 2063 2014 2106; x_wconf 82' lang='lat' dir='ltr'><strong>a</strong></span> <span class='ocrx_word' id='word_1_167' title='bbox 2045 2061 2150 2106; x_wconf 69' lang='lat' dir='ltr'><strong>me</strong></span> <span class='ocrx_word' id='word_1_168' title='bbox 2187 2040 2411 2125; x_wconf 86' lang='lat' dir='ltr'><strong>dispu-</strong></span> 
     </span>
     <span class='ocr_line' id='line_1_25' title="bbox 377 2126 2411 2214; baseline -0 -22"><span class='ocrx_word' id='word_1_169' title='bbox 377 2129 510 2192; x_wconf 88' lang='lat' dir='ltr'><strong>tari</strong></span> <span class='ocrx_word' id='word_1_170' title='bbox 561 2129 743 2193; x_wconf 81' lang='lat' dir='ltr'><strong>velis.</strong></span> <span class='ocrx_word' id='word_1_171' title='bbox 835 2126 963 2194; x_wconf 86' lang='lat' dir='ltr'><strong>Sed</strong></span> <span class='ocrx_word' id='word_1_172' title='bbox 1009 2151 1273 2214; x_wconf 88' lang='lat' dir='ltr'><strong>quaero,</strong></span> <span class='ocrx_word' id='word_1_173' title='bbox 1327 2133 1548 2196; x_wconf 89' lang='lat' dir='ltr'><strong>utrum</strong></span> <span class='ocrx_word' id='word_1_174' title='bbox 1595 2129 1836 2214; x_wconf 82' lang='lat' dir='ltr'><strong>aliquid</strong></span> <span class='ocrx_word' id='word_1_175' title='bbox 1895 2133 2115 2196; x_wconf 84' lang='lat' dir='ltr'><strong>actum</strong></span> <span class='ocrx_word' id='word_1_176' title='bbox 2162 2129 2411 2213; x_wconf 86' lang='lat' dir='ltr'><strong>superi-</strong></span> 
     </span>
     <span class='ocr_line' id='line_1_26' title="bbox 380 2203 1665 2282; baseline 0.002 -3"><span class='ocrx_word' id='word_1_177' title='bbox 380 2203 598 2280; x_wconf 89' lang='lat' dir='ltr'><strong>oribus</strong></span> <span class='ocrx_word' id='word_1_178' title='bbox 644 2215 871 2281; x_wconf 87' lang='lat' dir='ltr'><strong>diebus</strong></span> <span class='ocrx_word' id='word_1_179' title='bbox 917 2237 1003 2280; x_wconf 88' lang='lat' dir='ltr'><strong>an</strong></span> <span class='ocrx_word' id='word_1_180' title='bbox 1048 2217 1215 2282; x_wconf 86' lang='grc'>1111111</span> <span class='ocrx_word' id='word_1_181' title='bbox 1260 2217 1665 2282; x_wconf 82' lang='lat' dir='ltr'><strong>arbitremur.</strong></span> 
     </span>
    </p>

    <p class='ocr_par' dir='ltr' id='par_1_7' title="bbox 510 2302 1994 2407">
     <span class='ocr_line' id='line_1_27' title="bbox 510 2302 1994 2407; baseline 0.003 -40"><span class='ocrx_word' id='word_1_182' title='bbox 510 2303 595 2368; x_wconf 84' lang='lat' dir='ltr'><strong>A.</strong></span> <span class='ocrx_word' id='word_1_183' title='bbox 647 2302 887 2368; x_wconf 87' lang='lat' dir='ltr'><strong>Actum</strong></span> <span class='ocrx_word' id='word_1_184' title='bbox 931 2324 1085 2368; x_wconf 85' lang='lat' dir='ltr'><strong>vero</strong></span> <span class='ocrx_word' id='word_1_185' title='bbox 1096 2353 1115 2389; x_wconf 89' lang='lat'><strong>,</strong></span> <span class='ocrx_word' id='word_1_186' title='bbox 1160 2307 1225 2368; x_wconf 91' lang='lat' dir='ltr'><strong>et</strong></span> <span class='ocrx_word' id='word_1_187' title='bbox 1269 2305 1675 2389; x_wconf 91' lang='lat' dir='ltr'><strong>aliquantum</strong></span> <span class='ocrx_word' id='word_1_188' title='bbox 1719 2305 1994 2407; x_wconf 82' lang='lat' dir='ltr'><strong>quidem.</strong></span> 
     </span>
    </p>

    <p class='ocr_par' dir='ltr' id='par_1_8' title="bbox 380 2389 2488 2565">
     <span class='ocr_line' id='line_1_28' title="bbox 511 2389 2488 2477; baseline 0.003 -22"><span class='ocrx_word' id='word_1_189' title='bbox 511 2396 604 2455; x_wconf 93' lang='grc' dir='ltr'><strong>Μ.</strong></span> <span class='ocrx_word' id='word_1_190' title='bbox 649 2389 879 2476; x_wconf 86' lang='lat' dir='ltr'><strong>Atqui,</strong></span> <span class='ocrx_word' id='word_1_191' title='bbox 925 2391 984 2456; x_wconf 88' lang='lat' dir='ltr'><strong>si</strong></span> <span class='ocrx_word' id='word_1_192' title='bbox 1027 2391 1120 2456; x_wconf 87' lang='lat' dir='ltr'><strong>ita</strong></span> <span class='ocrx_word' id='word_1_193' title='bbox 1156 2393 1284 2477; x_wconf 88' lang='lat' dir='ltr'><strong>est,</strong></span> <span class='ocrx_word' id='word_1_194' title='bbox 1329 2393 1734 2477; x_wconf 84' lang='lat' dir='ltr'><strong>profligata</strong></span> <span class='ocrx_word' id='word_1_195' title='bbox 1715 2416 1846 2459; x_wconf 75' lang='lat' dir='ltr'><strong>iam</strong></span> <span class='ocrx_word' id='word_1_196' title='bbox 1889 2393 2048 2460; x_wconf 85' lang='lat' dir='ltr'><strong>haee</strong></span> <span class='ocrx_word' id='word_1_197' title='bbox 2083 2395 2152 2458; x_wconf 86' lang='lat' dir='ltr'><strong>et</strong></span> <span class='ocrx_word' id='word_1_198' title='bbox 2191 2414 2409 2476; x_wconf 88' lang='lat' dir='ltr'><strong>paene</strong></span> <span class='ocrx_word' id='word_1_199' title='bbox 2435 2419 2488 2460; x_wconf 78' lang='lat'><strong>25</strong></span> 
     </span>
     <span class='ocr_line' id='line_1_29' title="bbox 380 2479 1584 2565; baseline 0.002 -19"><span class='ocrx_word' id='word_1_200' title='bbox 380 2479 463 2546; x_wconf 90' lang='lat' dir='ltr'><strong>ad</strong></span> <span class='ocrx_word' id='word_1_201' title='bbox 508 2480 755 2545; x_wconf 85' lang='lat' dir='ltr'><strong>exitum</strong></span> <span class='ocrx_word' id='word_1_202' title='bbox 800 2479 1081 2546; x_wconf 88' lang='lat' dir='ltr'><strong>adducta</strong></span> <span class='ocrx_word' id='word_1_203' title='bbox 1121 2481 1418 2565; x_wconf 85' lang='lat' dir='ltr'><strong>quaestio</strong></span> <span class='ocrx_word' id='word_1_204' title='bbox 1465 2485 1584 2548; x_wconf 84' lang='lat' dir='ltr'><strong>est.</strong></span> 
     </span>
    </p>

    <p class='ocr_par' dir='ltr' id='par_1_9' title="bbox 512 2567 1388 2646">
     <span class='ocr_line' id='line_1_30' title="bbox 512 2567 1388 2646; baseline -0.001 -12"><span class='ocrx_word' id='word_1_205' title='bbox 512 2568 595 2634; x_wconf 81' lang='lat' dir='ltr'><strong>A.</strong></span> <span class='ocrx_word' id='word_1_206' title='bbox 652 2567 793 2646; x_wconf 88' lang='lat' dir='ltr'><strong>Quo</strong></span> <span class='ocrx_word' id='word_1_207' title='bbox 835 2569 1103 2634; x_wconf 84' lang='lat' dir='ltr'><strong>tandem</strong></span> <span class='ocrx_word' id='word_1_208' title='bbox 1146 2568 1388 2634; x_wconf 80' lang='lat' dir='ltr'><strong>modo?</strong></span> 
     </span>
    </p>

    <p class='ocr_par' dir='ltr' id='par_1_10' title="bbox 378 2656 2491 3532">
     <span class='ocr_line' id='line_1_31' title="bbox 510 2656 2410 2742; baseline 0.002 -22"><span class='ocrx_word' id='word_1_209' title='bbox 510 2662 603 2720; x_wconf 86' lang='lat' dir='ltr'><strong>M.</strong></span> <span class='ocrx_word' id='word_1_210' title='bbox 651 2656 819 2733; x_wconf 83' lang='lat' dir='ltr'><strong>Quia</strong></span> <span class='ocrx_word' id='word_1_211' title='bbox 845 2658 1063 2722; x_wconf 83' lang='lat' dir='ltr'><strong>motus</strong></span> <span class='ocrx_word' id='word_1_212' title='bbox 1097 2657 1460 2722; x_wconf 86' lang='lat' dir='ltr'><strong>turbulenti</strong></span> <span class='ocrx_word' id='word_1_213' title='bbox 1494 2657 2012 2742; x_wconf 82' lang='lat' dir='ltr'><strong>iactationesque</strong></span> <span class='ocrx_word' id='word_1_214' title='bbox 2041 2657 2410 2724; x_wconf 87' lang='lat' dir='ltr'><strong>animorum</strong></span> 
     </span>
     <span class='ocr_line' id='line_1_32' title="bbox 379 2743 2408 2831; baseline 0.002 -24"><span class='ocrx_word' id='word_1_215' title='bbox 379 2743 689 2810; x_wconf 84' lang='lat' dir='ltr'><strong>incitatae</strong></span> <span class='ocrx_word' id='word_1_216' title='bbox 770 2747 838 2808; x_wconf 89' lang='lat' dir='ltr'><strong>et</strong></span> <span class='ocrx_word' id='word_1_217' title='bbox 917 2744 1166 2831; x_wconf 85' lang='lat' dir='ltr'><strong>impetu</strong></span> <span class='ocrx_word' id='word_1_218' title='bbox 1250 2745 1731 2812; x_wconf 84' lang='lat' dir='ltr'><strong>inconsiderato</strong></span> <span class='ocrx_word' id='word_1_219' title='bbox 1805 2746 2012 2812; x_wconf 87' lang='lat' dir='ltr'><strong>elatae</strong></span> <span class='ocrx_word' id='word_1_220' title='bbox 2083 2745 2408 2811; x_wconf 89' lang='lat' dir='ltr'><strong>rationem</strong></span> 
     </span>
     <span class='ocr_line' id='line_1_33' title="bbox 382 2831 2491 2918; baseline 0.002 -24"><span class='ocrx_word' id='word_1_221' title='bbox 382 2851 641 2896; x_wconf 90' lang='lat' dir='ltr'><strong>omnem</strong></span> <span class='ocrx_word' id='word_1_222' title='bbox 684 2831 1071 2917; x_wconf 88' lang='lat' dir='ltr'><strong>repellentes</strong></span> <span class='ocrx_word' id='word_1_223' title='bbox 1117 2833 1290 2897; x_wconf 80' lang='lat' dir='ltr'><strong>vitae</strong></span> <span class='ocrx_word' id='word_1_224' title='bbox 1335 2832 1564 2898; x_wconf 89' lang='lat' dir='ltr'><strong>beatae</strong></span> <span class='ocrx_word' id='word_1_225' title='bbox 1608 2833 1856 2898; x_wconf 87' lang='lat' dir='ltr'><strong>nullam</strong></span> <span class='ocrx_word' id='word_1_226' title='bbox 1911 2836 2169 2918; x_wconf 88' lang='lat' dir='ltr'><strong>partem</strong></span> <span class='ocrx_word' id='word_1_227' title='bbox 2213 2833 2408 2898; x_wconf 88' lang='lat' dir='ltr'><strong>relin-</strong></span> <span class='ocrx_word' id='word_1_228' title='bbox 2437 2859 2491 2899; x_wconf 76' lang='lat' dir='ltr'><strong>ao</strong></span> 
     </span>
     <span class='ocr_line' id='line_1_34' title="bbox 382 2918 2410 3004; baseline 0.003 -23"><span class='ocrx_word' id='word_1_229' title='bbox 382 2920 606 3001; x_wconf 89' lang='lat' dir='ltr'><strong>quunt.</strong></span> <span class='ocrx_word' id='word_1_230' title='bbox 704 2918 865 2995; x_wconf 72' lang='lat' dir='ltr'><strong>Quis</strong></span> <span class='ocrx_word' id='word_1_231' title='bbox 922 2920 1094 2986; x_wconf 88' lang='lat' dir='ltr'><strong>enim</strong></span> <span class='ocrx_word' id='word_1_232' title='bbox 1147 2923 1367 3004; x_wconf 87' lang='lat' dir='ltr'><strong>potest</strong></span> <span class='ocrx_word' id='word_1_233' title='bbox 1420 2923 1700 2986; x_wconf 89' lang='lat' dir='ltr'><strong>mortem</strong></span> <span class='ocrx_word' id='word_1_234' title='bbox 1753 2923 1869 2986; x_wconf 87' lang='lat' dir='ltr'><strong>aut</strong></span> <span class='ocrx_word' id='word_1_235' title='bbox 1921 2920 2217 2986; x_wconf 88' lang='lat' dir='ltr'><strong>dolorem</strong></span> <span class='ocrx_word' id='word_1_236' title='bbox 2273 2943 2410 2986; x_wconf 91' lang='lat' dir='ltr'><strong>me-</strong></span> 
     </span>
     <span class='ocr_line' id='line_1_35' title="bbox 379 3006 2413 3093; baseline 0.002 -24"><span class='ocrx_word' id='word_1_237' title='bbox 379 3006 597 3088; x_wconf 87' lang='lat' dir='ltr'><strong>tuens,</strong></span> <span class='ocrx_word' id='word_1_238' title='bbox 652 3026 926 3090; x_wconf 91' lang='lat' dir='ltr'><strong>quorum</strong></span> <span class='ocrx_word' id='word_1_239' title='bbox 982 3007 1259 3072; x_wconf 88' lang='lat' dir='ltr'><strong>alterum</strong></span> <span class='ocrx_word' id='word_1_240' title='bbox 1315 3029 1508 3092; x_wconf 89' lang='lat' dir='ltr'><strong>saepe</strong></span> <span class='ocrx_word' id='word_1_241' title='bbox 1561 3009 1770 3091; x_wconf 81' lang='lat' dir='ltr'><strong>adest,</strong></span> <span class='ocrx_word' id='word_1_242' title='bbox 1830 3007 2108 3074; x_wconf 83' lang='lat' dir='ltr'><strong>alterum</strong></span> <span class='ocrx_word' id='word_1_243' title='bbox 2155 3029 2413 3093; x_wconf 85' lang='lat' dir='ltr'><strong>semper</strong></span> 
     </span>
     <span class='ocr_line' id='line_1_36' title="bbox 379 3058 2408 3198; baseline 0.003 -43"><span class='ocrx_word' id='word_1_244' title='bbox 379 3091 703 3178; x_wconf 77' lang='lat' dir='ltr'><strong>inpendet,</strong></span> <span class='ocrx_word' id='word_1_245' title='bbox 741 3113 885 3158; x_wconf 85' lang='lat' dir='ltr'><strong>esse</strong></span> <span class='ocrx_word' id='word_1_246' title='bbox 918 3115 1051 3158; x_wconf 91' lang='lat' dir='ltr'><strong>non</strong></span> <span class='ocrx_word' id='word_1_247' title='bbox 1086 3095 1328 3160; x_wconf 78' lang='lat' dir='ltr'><strong>miser?</strong></span> <span class='ocrx_word' id='word_1_248' title='bbox 1383 3095 1570 3198; x_wconf 84' lang='lat' dir='ltr'><strong>Quid,</strong></span> <span class='ocrx_word' id='word_1_249' title='bbox 1605 3097 1663 3161; x_wconf 87' lang='lat' dir='ltr'><strong>si</strong></span> <span class='ocrx_word' id='word_1_250' title='bbox 1697 3058 1888 3180; x_wconf 77' lang='lat' dir='ltr'><strong>idem,</strong></span> <span class='ocrx_word' id='word_1_251' title='bbox 1923 3095 2096 3180; x_wconf 85' lang='lat' dir='ltr'><strong>quod</strong></span> <span class='ocrx_word' id='word_1_252' title='bbox 2129 3096 2408 3198; x_wconf 50' lang='lat' dir='ltr'><strong>plerum:</strong></span> 
     </span>
     <span class='ocr_line' id='line_1_37' title="bbox 382 3179 2412 3268; baseline 0.001 -23"><span class='ocrx_word' id='word_1_253' title='bbox 382 3201 503 3264; x_wconf 89' lang='lat' dir='ltr'><strong>que</strong></span> <span class='ocrx_word' id='word_1_254' title='bbox 546 3179 651 3264; x_wconf 88' lang='lat' dir='ltr'><strong>fit,</strong></span> <span class='ocrx_word' id='word_1_255' title='bbox 692 3183 1169 3266; x_wconf 83' lang='lat' dir='ltr'><strong>paupertatem,</strong></span> <span class='ocrx_word' id='word_1_256' title='bbox 1212 3183 1670 3286; x_wconf 85' lang='lat' dir='ltr'><strong>ignominiam,</strong></span> <span class='ocrx_word' id='word_1_257' title='bbox 1713 3183 2052 3250; x_wconf 87' lang='lat' dir='ltr'><strong>infamiam</strong></span> <span class='ocrx_word' id='word_1_258' title='bbox 2095 3184 2310 3263; x_wconf 87' lang='lat' dir='ltr'><strong>timet,</strong></span> <span class='ocrx_word' id='word_1_259' title='bbox 2354 3185 2412 3250; x_wconf 89' lang='lat' dir='ltr'><strong>si</strong></span> 
     </span>
     <span class='ocr_line' id='line_1_38' title="bbox 382 3266 2486 3358; baseline 0.005 -29"><span class='ocrx_word' id='word_1_260' title='bbox 382 3266 817 3345; x_wconf 88' lang='lat' dir='ltr'><strong>debilitatem,</strong></span> <span class='ocrx_word' id='word_1_261' title='bbox 863 3269 1268 3353; x_wconf 88' lang='lat' dir='ltr'><strong>caecitatem,</strong></span> <span class='ocrx_word' id='word_1_262' title='bbox 1315 3271 1376 3335; x_wconf 89' lang='lat' dir='ltr'><strong>si</strong></span> <span class='ocrx_word' id='word_1_263' title='bbox 1410 3272 1712 3357; x_wconf 86' lang='lat' dir='ltr'><strong>denique,</strong></span> <span class='ocrx_word' id='word_1_264' title='bbox 1756 3271 1927 3356; x_wconf 89' lang='lat' dir='ltr'><strong>quod</strong></span> <span class='ocrx_word' id='word_1_265' title='bbox 1960 3293 2096 3338; x_wconf 92' lang='lat' dir='ltr'><strong>non</strong></span> <span class='ocrx_word' id='word_1_266' title='bbox 2130 3271 2408 3358; x_wconf 86' lang='lat' dir='ltr'><strong>singulis</strong></span> <span class='ocrx_word' id='word_1_267' title='bbox 2436 3296 2486 3338; x_wconf 76' lang='lat'><strong>³5</strong></span> 
     </span>
     <span class='ocr_line' id='line_1_39' title="bbox 378 3352 2410 3444; baseline 0.004 -28"><span class='ocrx_word' id='word_1_268' title='bbox 378 3352 783 3438; x_wconf 87' lang='lat' dir='ltr'><strong>hominibus,</strong></span> <span class='ocrx_word' id='word_1_269' title='bbox 828 3355 941 3421; x_wconf 87' lang='lat' dir='ltr'><strong>sed</strong></span> <span class='ocrx_word' id='word_1_270' title='bbox 973 3356 1354 3439; x_wconf 88' lang='lat' dir='ltr'><strong>potentibus</strong></span> <span class='ocrx_word' id='word_1_271' title='bbox 1398 3360 1656 3443; x_wconf 89' lang='lat' dir='ltr'><strong>populis</strong></span> <span class='ocrx_word' id='word_1_272' title='bbox 1694 3380 1885 3444; x_wconf 87' lang='lat' dir='ltr'><strong>saepe</strong></span> <span class='ocrx_word' id='word_1_273' title='bbox 1921 3359 2230 3444; x_wconf 89' lang='lat' dir='ltr'><strong>contigit,</strong></span> <span class='ocrx_word' id='word_1_274' title='bbox 2276 3380 2410 3424; x_wconf 87' lang='lat' dir='ltr'><strong>ser·</strong></span> 
     </span>
     <span class='ocr_line' id='line_1_40' title="bbox 380 3439 2416 3570; baseline 0.005 -66"><span class='ocrx_word' id='word_1_275' title='bbox 380 3439 701 3506; x_wconf 79' lang='lat' dir='ltr'><strong>vitutem?</strong></span> <span class='ocrx_word' id='word_1_276' title='bbox 736 3444 955 3528; x_wconf 89' lang='lat' dir='ltr'><strong>potest</strong></span> <span class='ocrx_word' id='word_1_277' title='bbox 981 3464 1059 3508; x_wconf 89' lang='lat' dir='ltr'><strong>ea</strong></span> <span class='ocrx_word' id='word_1_278' title='bbox 1085 3443 1322 3508; x_wconf 89' lang='lat' dir='ltr'><strong>timens</strong></span> <span class='ocrx_word' id='word_1_279' title='bbox 1349 3465 1492 3510; x_wconf 89' lang='lat' dir='ltr'><strong>esse</strong></span> <span class='ocrx_word' id='word_1_280' title='bbox 1528 3447 1869 3570; x_wconf 81' lang='lat' dir='ltr'><strong>quisquam</strong></span> <span class='ocrx_word' id='word_1_281' title='bbox 1895 3445 2172 3511; x_wconf 78' lang='lat' dir='ltr'><strong>beatus?</strong></span> <span class='ocrx_word' id='word_1_282' title='bbox 2220 3445 2416 3532; x_wconf 82' lang='lat' dir='ltr'><strong>Quid,</strong></span> 
     </span>
    </p>
   </div>
  </div>
 </body>
</html>
