2609 3884
207 175 423 232 Lm.1.
479 174 632 231 CAP.
663 180 749 230 49.
787 179 834 241 §-
860 180 1120 244 118,119.
1156 174 1291 228 ΜΒ.
1312 174 1381 229 11.
1427 173 1595 230 ΑΒΗ.
1635 175 1789 231 CAP.
1822 183 1868 232 1.
1926 181 1956 243 ς
1988 183 2036 232 1.
2108 176 2240 242 327

209 333 448 390 exordio
496 334 566 389 de
609 333 1006 416 philosophiae
1053 332 1314 388 laudibus
1327 376 1341 402 ,
1387 335 1447 388 et
1500 333 1773 389 auditoris
1834 335 2115 390 sententia
2169 337 2240 392 de

211 405 498 460 malorum
541 405 744 460 fimbus
788 405 850 459 in
895 405 1088 460 dolore
1133 404 1407 474 ponendis
1452 405 1562 458 hoc
1615 405 1854 460 maxime
1910 408 2239 476 argumento

213 476 522 543 refellitur,
560 476 712 544 quod
747 475 990 530 dedecus
1028 492 1197 543 quam
1235 475 1398 529 dolor
1430 475 1613 530 maius
1641 475 1716 530 sit
1746 477 1957 530 malum
1992 479 2136 547 (cap.
2166 481 2239 546 5).

211 545 434 602 Deinde
480 545 712 600 docetur
758 545 984 601 omnino
1029 561 1100 599 ne
1148 545 1360 599 malum
1412 545 1640 614 quidem
1678 562 1798 602 esse
1836 547 2101 602 dolorem.
2174 548 2240 602 In

215 615 641 741 qtffotpfiffi
665 617 972 698 multorum
1008 615 1473 741 Ρὴέοεοῖζιοωω
1518 617 1969 699 imbecillitatem
2014 618 2240 673 demon⁴

213 703 497 812 :ugr-num
542 703 1022 826 malpupnungioffizm
1051 688 1932 828 qucgclznraficffinssoxgecsssssstaffle
1966 688 2240 828 ἐίῗὲἔῑῗζξ

213 845 370 882 mum
415 830 606 883 autem
650 828 934 882 Rhodium
980 845 1256 882 summum
1297 775 1512 883 genum
1557 829 1808 898 posuisse
1851 829 1914 883 in
1956 829 2239 885 vacuitate

215 898 448 953 doloris.
541 898 770 954 Ceteros
824 901 1051 968 praeter
1115 899 1421 968 Zenonem,
1485 897 1828 969 Aristonem,
1894 899 2241 970 Pyrrhonem

212 969 430 1023 malum
464 971 711 1038 putasse.
783 969 988 1024 Postas
1037 985 1257 1038 quoque
1304 969 1377 1024 ab
1421 969 1531 1024 hac
1570 970 1832 1040 opinione
1867 987 1983 1025 non
2026 971 2239 1040 abesse,

216 1040 370 1108 quod
413 1038 684 1095 inducant
728 1057 974 1094 summos
1018 1039 1272 1094 homines
1310 1039 1371 1094 in
1406 1039 1587 1095 acutis
1639 1041 1925 1096 doloribus
1960 1058 2075 1096 non
2107 1041 2239 1096 viri-

212 1110 348 1164 liter
365 1109 739 1165 lamentantes
768 1111 912 1180 (cap.
937 1114 1152 1179 6-12).
1210 1109 1510 1166 Contortas
1537 1127 1672 1166 vero
1702 1128 1822 1166 esse
1853 1127 1947 1166 eas
1974 1111 2241 1182 rationes,

215 1180 417 1250 quibus
452 1180 513 1234 in
537 1181 568 1234 f
704 1181 861 1235 endis
897 1179 986 1234 his
1015 1179 1371 1250 opinionibus
1396 1182 1629 1236 utantur
1662 1181 1863 1248 Stoici,
1903 1199 2107 1252 eosque
2144 1182 2241 1236 de-

212 1251 375 1306 finire
413 1250 540 1306 aliis
567 1267 666 1306 ver
706 1250 754 1305 is
783 1251 1063 1319 dolorem,
1099 1268 1215 1305 non
1239 1251 1463 1306 tollere.
1519 1252 1730 1307 Verum
1764 1252 1939 1322 igitur
1962 1253 2073 1308 hoc
2101 1269 2242 1323 esse,

214 1322 472 1378 dolorem
525 1321 952 1392 opprimendum
1009 1338 1130 1376 esse
1185 1321 1467 1392 patientia
1528 1324 1586 1377 et
1651 1322 1981 1378 fortitudine
1994 1366 2008 1393 ,
2070 1324 2241 1393 idque

212 1391 424 1462 partim
451 1392 850 1448 exercitatione
877 1392 1000 1446 fieri
1036 1394 1094 1448 et
1123 1392 1528 1448 consuetudine
1557 1396 1701 1463 (cap.
1734 1400 1878 1448 13—
1895 1397 1998 1463 17),
2036 1393 2242 1462 partim

211 1463 434 1518 ratione
472 1466 532 1518 et
558 1462 863 1533 sapientia,
901 1463 962 1518 in
997 1480 1106 1532 quo
1144 1463 1288 1518 nihil
1325 1462 1523 1533 profici
1559 1463 1727 1518 docet
1756 1463 1975 1519 ratione
2011 1463 2243 1533 Epicuri

212 1534 448 1604 longum
485 1534 740 1589 dolorem
775 1534 984 1601 levem,
1033 1550 1263 1604 gravem
1300 1535 1491 1588 autem
1536 1533 1765 1588 brevem
1803 1551 1925 1588 esse
1964 1534 2241 1589 censentis

214 1607 360 1674 (cap.
402 1609 468 1659 18
481 1647 495 1674 ,
535 1607 640 1673 19).
701 1605 900 1674 Itaque
936 1603 1180 1674 primum
1219 1606 1479 1673 oportere
1514 1604 1625 1658 hoc
1661 1603 1771 1658 sibi
1806 1620 2081 1674 quemque
2118 1621 2241 1675 per-

215 1675 469 1743 suadere,
505 1674 650 1729 nihil
685 1675 976 1730 honestius
1004 1691 1126 1730 esse
1163 1691 1230 1730 ac
1267 1673 1633 1741 laudabilius,
1671 1692 1743 1729 ne
1780 1675 2083 1744 optabssius
2122 1674 2241 1742 qui-

214 1746 373 1814 dem,
411 1761 578 1814 quam
613 1745 760 1800 ferre
799 1746 1078 1813 dolorem,
1125 1744 1330 1800 deinde
1367 1744 1483 1802 sibi.
1509 1745 1695 1814 ipsum
1730 1744 2021 1815 imperare.
2094 1745 2242 1799 Nam

214 1815 486 1886 quoniam
529 1816 748 1872 animus
787 1815 862 1870 sit
905 1815 965 1870 in
1001 1818 1192 1886 partes
1226 1816 1473 1870 tributus
1510 1816 1651 1870 duas
1666 1857 1680 1884 ,
1732 1816 1969 1870 alteram
2004 1815 2241 1870 rationis

211 1886 575 1956 participem,
613 1887 850 1941 alteram
889 1889 1197 1956 expertem,
1243 1886 1405 1940 illam
1449 1885 1582 1940 huic
1627 1886 1902 1955 imperare
1950 1888 2242 1954 tamquam

213 1957 504 2012 dominum
539 1973 728 2025 servo,
773 1955 834 2010 id
871 1960 960 2012 est
1003 1957 1223 2011 ratione
1262 1956 1506 2012 coerceri
1547 1957 1926 2012 temeritatem
1964 1959 2239 2026 oportere.

215 2026 278 2082 Si
312 2044 374 2082 se
407 2026 652 2097 turpiter
686 2028 850 2097 gerat
885 2029 945 2082 et
979 2027 1282 2096 gemitibus
1320 2044 1389 2082 ac
1424 2027 1645 2081 fletibus
1684 2027 1882 2097 dedat,
1934 2027 2243 2082 amicorum

212 2098 767 2180 propinquorumque
823 2097 1094 2153 custodiis
1150 2097 1645 2179 constringendam
1700 2115 1847 2180 esse,
1911 2098 1998 2152 sin
2052 2100 2242 2154 autem

212 2169 450 2363 {Qu
471 2167 2245 2364 ffiassfflagssfflffiffhizssepssssffgssffigffigffzffissQ

255 2327 349 2364 am
396 2326 544 2376 esse,
592 2326 775 2376 cuius,
822 2327 860 2362 u
930 2326 991 2363 m
1037 2325 1102 2363 co
1173 2325 1268 2363 ore
1342 2327 1422 2364 sic
1468 2327 1527 2364 m
1572 2326 1760 2364 ammo
1807 2328 1900 2363 ma
1979 2327 2014 2364 a
2108 2328 2133 2364 s
2170 2327 2195 2364 s

213 2383 359 2450 (cap.
399 2385 484 2436 22.
533 2381 645 2449 23).
719 2327 1333 2434 Contendendgpetiain
1382 2380 1561 2435 levari
1597 2397 1819 2434 omnem
1856 2329 2109 2435 laffiress
2144 2328 2243 2437 dg-

210 2451 504 2518 loremque
550 2453 692 2520 (cap.
741 2452 851 2520 24).
933 2449 1081 2504 Illud
1129 2450 1367 2518 denique
1404 2451 1829 2521 proponendum
1865 2451 2079 2519 animo,
2126 2466 2241 2504 am-

251 2521 554 2576 litudinem
590 2520 789 2588 animi,
840 2537 982 2590 quae
1017 2519 1259 2575 maxime
1297 2521 1543 2576 emineat
1577 2521 1998 2577 contemnendis
2036 2520 2242 2575 dolori-

210 2540 344 2675 {¹3⁸²
397 2609 568 2646 unam
617 2607 738 2647 esse
790 2590 1038 2645 omnium
1084 2607 1270 2674 rerum
1289 2662 1301 2674 ·
1325 2591 1760 2674 pulcherrimam
1804 2593 1947 2660 (cap.
2000 2596 2085 2645 25.
2132 2593 2240 2661 26).

211 2663 551 2802 Nigentsstiim(
561 2679 696 2717 vero
714 2678 882 2801 Ξεῧεθ,
918 2663 987 2716 ut
1020 2662 1333 2731 aequabihs
1372 2664 1449 2717 sit
1492 2680 1552 2716 m
1589 2679 1743 2717 omm
1778 2661 1974 2716 dolore
2008 2661 2240 2715 ferendo

210 2751 288 2804 pa
337 2750 411 2789 en
460 2749 496 2788 a
553 2749 677 2802 cap.
810 2773 823 2787 .

346 2893 822 2978 Neoptolemus
877 2892 1135 2978 quidem
1191 2893 1363 2976 apud
1416 2892 1701 2958 Ennium
1766 2891 2239 2978 ‘philosophari
2278 2868 2315 2993 ἒ

214 2981 366 3049 sibi’
415 2981 510 3046 ait
557 2980 840 3047 ‘necesse
886 3003 1054 3066 esse,
1099 2980 1214 3045 sed
1256 2981 1517 3065 paucis;
1560 3003 1713 3046 nam
1760 2982 2020 3046 omnino
2064 2981 2241 3046 haud

211 3067 517 3156 placere?
624 3069 770 3154 Ego
837 3072 1080 3152 autem,
1143 3068 1375 3152 Brute,
1437 3089 1698 3134 necesse
1762 3069 1927 3134 mihi
1983 3069 2242 3154 quidem

214 3181 358 3224 esse
415 3157 699 3223 arbitror
751 3157 1230 3243 philosophari3
1284 3178 1438 3221 nam
1494 3157 1649 3241 quid
1707 3179 1999 3240 possum,
2058 3179 2242 3240 prae-

161 3277 189 3318 ε
215 3247 443 3312 sertim
487 3245 656 3310 nihil
701 3266 932 3330 agen8‚
977 3265 1167 3329 agere
1214 3245 1487 3309 melius}>
1538 3245 1647 3310 sed
1693 3266 1828 3310 non
1872 3245 2126 3328 pauci8‚
2170 3247 2247 3308 ut

211 3335 339 3400 ille.
431 3333 715 3398 Difficile
772 3336 872 3398 est
925 3333 1095 3398 enim
1151 3334 1222 3396 in
1266 3333 1683 3416 philosophia
1745 3354 1950 3416 pauca
1996 3353 2134 3396 esse
2182 3331 2244 3396 ei

212 3427 398 3506 nota,
447 3421 550 3487 cui
594 3444 729 3488 non
767 3423 900 3488 sint
937 3424 1052 3486 aut
1095 3422 1399 3504 pleraque
1445 3425 1561 3486 aut
1601 3420 1836 3486 omnia.
1905 3418 2081 3484 Nam
2123 3439 2244 3483 nec

211 3532 424 3596 pauca
467 3510 598 3575 nisi
635 3531 670 3575 e
707 3509 931 3575 multis
980 3509 1136 3594 eligi
1180 3511 1455 3593 possunt
1498 3529 1642 3591 nec,
1689 3508 1801 3592 qui
1845 3528 2054 3590 pauca
2097 3526 2243 3588 per-
