2609 3884
260 1025 326 1074 77

173 1162 228 1181 1·-

258 1636 345 1701 24

260 2613 326 2663 78

367 142 495 208 152
690 143 789 198 DE
825 141 1119 198 FINIBUS
1152 141 1516 198 BONORUM
1551 142 1647 198 ET
1681 141 2050 198 MALORUM

363 306 811 391 paratissimus
878 309 1005 391 est,
1065 305 1352 370 futuram
1414 304 1651 389 putas?
1758 304 2008 371 Eamne
2067 307 2386 372 rationem

362 396 565 480 igitur
618 415 911 479 sequere,
979 395 1109 478 q‘ua
1160 397 1377 458 tecum
1443 393 1611 476 ipse·
1649 398 1716 459 et
1779 416 1927 458 cum
1986 394 2120 460 tuis
2183 398 2386 478 utare,

361 482 650 567 profiteri
695 485 763 548 et
804 483 873 547 in
918 482 1200 546 medium
1245 481 1534 565 proferre
1579 503 1711 546 non
1747 482 2029 546 audeas?
2103 481 2196 547 At
2229 503 2384 548 vero

362 571 508 655 illa,
570 592 736 656 quae
798 569 1244 654 Peripatetici,
1319 591 1484 655 quae
1549 567 1753 636 Stoici
1815 571 2060 654 dicunt,
2134 592 2386 653 semper

362 659 487 724 tibi
557 659 631 724 in
692 680 805 725 ore
869 661 1022 723 sunt
1090 657 1163 723 in
1232 658 1516 742 iudiciis,
1578 657 1649 723 in
1713 662 1960 724 senatu.
2023 657 2384 742 'Officium,
2412 681 2442 722 5

364 747 786 833 aequitatem,
840 745 1252 832 dignitatem,
1302 746 1524 831 fidem,
1577 750 1784 831 recta,
1838 746 2140 830 honesta,
2186 747 2387 832 digna

362 835 634 920 imperio
644 885 663 918 ‚
718 835 915 921 digna
967 835 1209 919 populo
1263 832 1588 919 Romane,
1653 835 1875 900 omnia
1927 835 2214 918 pericula
2265 857 2385 919 pro

362 945 434 988 re
485 924 773 1009 publica,
826 923 992 988 mori
1042 944 1163 1006 pro
1208 923 1451 1007 patria,
1506 923 1668 989 haec
1715 945 1862 988 cum
1906 923 2217 1007 loqueris,
2262 944 2386 988 nos

364 1013 637 1077 barones
678 1016 1039 1095 stupemus,
1075 1015 1148 1075 tu
1186 1011 1491 1077 videlicet
1523 1014 1740 1076 tecum
1775 1012 1914 1095 ipse
1949 1011 2138 1078 rides·
2209 1010 2386 1078 Nam

362 1101 535 1165 inter
578 1101 709 1164 ista
751 1102 891 1164 tam
936 1099 1283 1184 magnifica
1329 1101 1528 1165 verba
1571 1103 1835 1184 tamque
1869 1098 2206 1183 praeclara
2249 1121 2384 1164 non
2413 1126 2468 1165 10

363 1188 563 1253 habet
584 1177 811 1252 ‘ullum
856 1188 1157 1271 voluptas
1199 1188 1444 1272 locum,
1487 1209 1622 1254 non
1655 1187 1848 1253 modo
1885 1188 2031 1271 illa,
2076 1210 2273 1273 quam
2315 1188 2387 1252 in

363 1279 547 1341 motu
584 1297 725 1340 esse
761 1276 1003 1361 dicitis,
1050 1297 1243 1360 quam
1281 1297 1504 1342 omnes
1540 1276 1800 1360 urbani,
1843 1276 2101 1360 rustici,
2143 1297 2387 1360 omnes,

364 1365 655 1448 inquam,
732 1365 845 1450 qui
917 1364 1149 1429 Latine
1213 1357 1593 1449 loquuntur,
1656 1365 2060 1448 voluptatem
2131 1368 2390 1448 vocant,

364 1453 476 1518 sed
518 1474 601 1518 ne
642 1452 805 1518 haec
850 1453 1108 1537 quidem
1154 1452 1439 1538 stabilis,
1492 1474 1689 1537 quam
1734 1456 1992 1537 praeter
2033 1473 2149 1518 vos
2194 1473 2384 1517 nemo

366 1539 659 1626 appellat
703 1531 1124 1625 voluptatem.
1288 1571 1293 1578 ·
2410 1565 2467 1608 ιο
2510 1561 2512 1563 ’

495 1628 663 1695 Vide
709 1630 936 1716 igitur,
977 1651 1059 1694 ne
1093 1651 1225 1695 non
1273 1628 1508 1694 debeas
1544 1630 1758 1695 verbis
1793 1630 2035 1695 nostris
2071 1629 2200 1714 uti,
2243 1650 2384 1694 sen-

361 1719 586 1785 tentiis
622 1718 773 1784 tuis.
848 1716 1093 1794 Quodsi
1128 1717 1380 1781 vultum
1423 1717 1576 1802 tibi,
1621 1718 1679 1782 si
1729 1718 2054 1783 incessum
2087 1718 2384 1802 fingeres,

364 1829 488 1892 quo
537 1807 797 1891 gravior
839 1806 1151 1889 viderere,
1206 1826 1341 1870 non
1385 1826 1558 1871 esses
1604 1805 1703 1871 tui
1747 1806 2013 1889 similis3
2067 1807 2268 1871 verba
2310 1809 2386 1870 tu

362 1896 573 1980 fingas
628 1898 695 1959 et
748 1916 825 1958 ea
869 1894 1073 1976 dicas,
1126 1913 1289 1977 quae
1343 1915 1476 1973 non
1529 1894 1814 1959 sentias?
1870 1897 1985 1959 aut
2041 1896 2267 1978 etiam,
2313 1897 2412 1974 ut·

362 1982 700 2066 vestitum,
764 1982 857 2047 sic
920 1981 1310 2048 sententiam
1372 1980 1613 2046 habeas
1679 1981 1879 2046 aliam
1942 1983 2384 2066 domesticam,
2411 2008 2466 2048 2(-

365 2070 562 2135 aliam
622 2069 973 2153 forensem,
1042 2072 1117 2135 ut
1185 2069 1255 2134 in
1331 2068 1542 2134 fronte
1607 2071 1957 2135 ostentatio
2021 2070 2135 2154 sit,
2205 2070 2382 2134 intus
2479 2125 2488 2130 .

363 2158 603 2223 veritas
649 2157 1044 2222 occultetur?
1116 2155 1311 2241 Vide,
1357 2179 1626 2242 quaeso,
1670 2162 1999 2224 rectumne
2045 2159 2148 2223 sit.
2219 2157 2385 2222 Mihi

365 2243 641 2331 quidem‘
671 2266 783 2309 eae
828 2266 1015 2310 verae
1069 2245 1368 2310 videntur
1413 2245 1780 2331 opiniones,
1835 2268 2000 2331 quae
2053 2246 2384 2331 honestae,

366 2355 529 2418 quae
572 2333 959 2417 laudabileS,
1006 2355 1168 2418 quae
1215 2333 1562 2418 gloriosae,
1604 2355 1771 2418 quae
1807 2334 1879 2400 in
1914 2337 2173 2419 senatu,
2218 2356 2382 2419 quae

366 2423 537 2505 apud
589 2422 931 2506 populum,
986 2442 1151 2506 quae
1204 2423 1275 2487 in
1319 2423 1497 2488 omni
1551 2427 1737 2487 coetu
1792 2423 2190 2508 concilioque
2234 2445 2383 2506 pro·
2410 2449 2462 2491 25

363 2510 639 2575 fitendae
686 2511 847 2596 sint,
890 2530 974 2574 ne
1018 2510 1085 2574 id
1128 2531 1263 2575 non
1316 2511 1557 2594 pudeat
1602 2511 1868 2595 sentire,
1922 2511 2094 2595 quod
2145 2511 2384 2595 pudeat

366 2599 591 2665 dicere.
662 2598 1011 2664 Amicitiae
1055 2619 1207 2663 vero
1252 2598 1437 2664 locus
1472 2599 1586 2663 ubi
1631 2621 1771 2664 esse
1814 2602 2035 2683 potest
2077 2602 2192 2682 aut
2235 2600 2383 2684 quis

367 2688 611 2752 amicus
658 2709 799 2752 esse
846 2687 1168 2772 cuiquam,
1227 2708 1418 2772 quem
1461 2707 1596 2752 non
1639 2687 1854 2770 ipsum
1899 2689 2074 2752 amet
2115 2691 2383 2772 propter

362 2774 621 2858 ipsum?
694 2774 862 2851 Quid
900 2779 1117 2841 autem
1154 2779 1254 2839 est
1302 2796 1545 2858 amare,
1593 2796 1628 2840 e
1675 2796 1802 2859 quo
1838 2797 2078 2840 nomen
2121 2773 2384 2842 ductum

363 2863 688 2927 amicitiae
751 2865 878 2947 est,
940 2863 1071 2927 nisi
1132 2863 1297 2927 velle
1360 2863 1546 2928 bonis
1617 2864 1899 2948 aliquem
1955 2863 2128 2929 affici
2187 2884 2382 2948 quam
2410 2891 2467 2932 so

363 2950 691 3034 maximis,
746 2950 1001 3015 etiamsi
1055 2949 1135 3014 ad
1190 2971 1258 3015 se
1317 2971 1395 3015 ex
1447 2951 1529 3015 iis
1573 2951 1739 3015 nihil
1783 2950 2168 3022 redundet?
2225 2951 2383 3018 Pro·

362 3037 533 3122 dest,
584 3037 824 3121 inquit,
878 3036 1040 3102 mihi
1094 3059 1170 3103 eo
1226 3060 1367 3103 esse
1425 3039 1660 3103 animo.
1748 3038 1956 3104 Immo
2007 3039 2209 3105 videri
2251 3040 2384 3104 for-

360 3128 554 3190 tasse.
650 3124 816 3190 Esse
872 3125 1070 3209 enim,
1122 3125 1251 3191 nisi
1298 3126 1452 3210 eriS,
1505 3147 1639 3191 non
1695 3131 1900 3210 potes,
1991 3127 2117 3204 Qui
2162 3131 2383 3193 autem

363 3235 503 3278 esse
564 3213 837 3296 poteris,
898 3213 1027 3278 nisi
1088 3215 1155 3277 te
1218 3235 1403 3279 amor
1464 3214 1606 3298 ipse
1669 3214 1952 3299 ceperit?
2015 3215 2188 3299 quod
2248 3237 2384 3281 non

362 3302 679 3372 subducta
721 3301 1027 3366 utilitatis
1062 3301 1319 3366 ratione
1357 3301 1526 3366 effici
1573 3301 1767 3386 solet,
1811 3303 1924 3368 sed
1967 3304 2182 3386 ipsum
2227 3326 2267 3368 a
2311 3325 2381 3368 se
2409 3331 2465 3372 35

362 3391 568 3455 oritur
612 3391 681 3454 et
724 3411 842 3453 sua
888 3393 1115 3472 sponte
1158 3390 1466 3456 nascitur.
1551 3388 1668 3454 ‘At
1711 3392 1883 3456 enim
1929 3412 2160 3475 sequor
2203 3392 2405 3456 utili--

356 3475 605 3542 tatem?
713 3475 1005 3542 Manebit
1066 3497 1223 3563 ergo
1288 3477 1576 3542 amicitia
1637 3482 1774 3543 tam
1834 3479 1969 3563 diu,
2023 3500 2215 3564 quam
2269 3479 2382 3544 diu

2605 613 2608 648 ἱ

2605 649 2607 658 .
