2609 3884
375 160 559 216 XVIII
1010 156 1433 214 ADNOTATIO
1473 157 1773 214 CRITICA.

375 335 485 386 quo
530 316 621 372 usi
663 319 794 374 sunt
835 317 1028 373 Livius
1074 317 1122 386 (I
1158 323 1243 372 57.
1274 323 1335 385 3,
1380 317 1433 370 H
1470 322 1557 372 35.
1588 319 1643 385 4)
1690 319 1749 371 et
1791 315 2059 372 Horatius
2112 319 2221 387 (ep.
2260 319 2313 372 Π
2351 324 2399 372 1.

379 393 518 456 164).
557 418 624 428 -
660 389 720 443 P.
762 395 879 443 144.
913 395 977 443 17
1017 389 1237 456 quaevis
1283 387 1442 442 codd.
1483 388 1689 456 deter.,
1732 387 1915 456 vulg.,
1952 403 2108 456 saepe
2142 388 2331 443 Madv.
2369 405 2400 443 e

375 459 536 521 codd.
583 458 629 512 B
677 462 736 513 et
779 459 895 512 Erl.
976 458 1086 512 Res
1135 458 1440 512 admodum
1487 457 1680 525 dubia,
1727 474 2067 525 quamquam
2112 458 2255 511 mihi
2306 475 2403 514 ceu

373 529 541 597 illud,
589 529 741 597 quod
788 531 877 584 est
919 527 979 582 in
1025 528 1146 583 cod.
1191 528 1268 595 A,
1320 528 1690 595 ‘correctum‚
1737 530 1801 581 ut
1844 527 2093 595 videtur,
2132 544 2200 581 ex
2252 530 2403 596 seu’,

372 616 552 669 paene
588 598 814 654 facilius
853 615 922 653 ex
957 599 1147 669 queuis
1185 597 1321 653 oriri
1365 599 1613 667 potuisse
1648 598 1875 652 videtur
1919 615 2087 666 quam
2124 615 2193 653 ex
2226 615 2401 668 saepe.

376 700 443 709 —
479 670 542 725 P.
572 676 691 724 144.
720 676 792 725 28
829 686 952 724 cum
997 685 1167 724 causa
1199 684 1315 723 non
1348 669 1516 723 modo
1550 667 1961 750 probabiliter,
2009 669 2109 722 sed
2142 686 2213 723 ne
2252 685 2402 724 com-

377 740 541 794 mode
578 740 828 809 quidem,
865 741 932 794 ut
959 738 1183 809 opinor,
1219 738 1409 793 Madv.
1440 740 1833 808 comgendum
1861 740 2053 792 censet
2080 755 2201 793 cum
2228 741 2404 794 amico

377 812 476 864 aut
511 827 634 866 cwm
669 811 864 866 amica.
937 809 1066 863 Non
1102 808 1223 864 veri
1261 808 1524 878 similius,
1563 809 1664 863 sed
1698 809 1883 878 aptius
1920 808 2061 861 mih-i
2098 809 2402 864 coniecisse

374 880 636 935 videntur
664 882 722 935 et
747 879 817 934 H.
845 878 911 933 A.
939 880 1142 947 Koch„
1181 879 1312 933 diss.
1342 879 1515 936 Bonn.
1548 884 1702 947 1851,
1742 880 1800 933 et
1824 879 2035 946 Morel.,
2064 879 2195 935 diss.
2223 878 2403 936 Bonn.

379 956 543 1019 1858,
580 951 816 1006 amicum
851 965 1013 1004 suum
1049 980 1116 990 -—
1153 951 1383 1005 necabit.
1414 980 1481 989 —
1508 949 1570 1004 P.
1608 955 1724 1004 146.
1768 955 1833 1003 10
1870 951 1954 1004 ita
1990 950 2164 1004 dicere
2199 949 2403 1018 Brem.,

376 1019 521 1074 Bait.
560 1050 627 1060 -—
663 1019 726 1073 P.
766 1025 887 1073 146.
927 1025 993 1073 12
1041 1021 1349 1075 devoveret
1387 1020 1546 1074 codd.
1597 1021 1655 1074 et
1688 1018 1833 1074 Bait.
1880 1019 1941 1072 in
1986 1019 2071 1074 ed.
2111 1019 2266 1088 Tur„
2314 1021 2407 1090 [se

375 1091 648 1146 devoveret
684 1089 769 1160 et]
802 1089 864 1143 in
900 1089 988 1143 ed.
1024 1089 1173 1158 Lips.
1213 1088 1431 1159 (Cobet,
1468 1090 1671 1146 Mnem.
1707 1090 1775 1144 N.
1808 1089 1860 1144 S.
1890 1091 1969 1144 III
2003 1107 2056 1158 p.
2090 1094 2195 1156 96).
2235 1121 2302 1131 -
2340 1091 2402 1144 P.

379 1165 497 1214 147.
530 1165 594 1214 12
624 1160 742 1214 eius
774 1161 985 1229 qeneris
1013 1160 1192 1226 codd,
1220 1159 1425 1228 Madv.,
1454 1161 1694 1215 cuiusvis
1720 1177 1836 1230 qen.
1864 1159 2008 1215 Bait.
2036 1160 2122 1215 ed.
2153 1159 2400 1216 Tauchn.

379 1260 444 1268 —
473 1228 534 1285 P.
568 1235 686 1284 148.
721 1235 784 1283 13
815 1245 954 1284 cum
980 1245 1186 1284 swmmo
1217 1232 1448 1299 imperio
1474 1231 1571 1284 Iw.
1600 1230 1852 1286 Mueller.
1884 1261 1950 1270 —
1978 1230 2039 1284 P.
2071 1235 2190 1284 148.
2222 1237 2291 1285 25
2320 1249 2404 1301 sq.

377 1301 618 1355 omnium
644 1300 1093 1369 philosophorum
1139 1299 1259 1356 cod.
1296 1299 1372 1367 A,
1420 1300 1593 1370 Bait„
1635 1303 1771 1369 phil.
1821 1317 1960 1357 omn.
2007 1302 2149 1369 Erl.,
2195 1302 2404 1370 Madv.,

369 1371 510 1438 phil.
560 1375 852 1425 ceterorum
887 1385 1027 1426 omn.
1065 1369 1129 1425 B.
1168 1400 1234 1410 —-
1271 1370 1333 1424 P.
1366 1377 1483 1426 149.
1514 1378 1545 1425 2
1592 1372 1831 1426 disseris
1864 1371 2011 1426 Bait.
2046 1371 2107 1425 in
2145 1371 2228 1426 ed.
2268 1371 2403 1426 min.

376 1441 627 1509 Kaysero
673 1441 917 1495 auctore.
1004 1440 1216 1506 Quibus
1254 1441 1397 1496 adeo
1444 1458 1558 1495 non
1594 1441 1892 1510 assentior,
1937 1443 2002 1495 ut
2042 1441 2404 1510 indicativae,

378 1510 427 1564 si
463 1513 615 1566 esset
660 1510 898 1580 scriptus
933 1510 995 1564 in
1032 1511 1345 1578 codicibus,
1390 1512 1588 1566 itidem
1624 1514 1914 1582 suspectus
1950 1511 2091 1565 mihi
2128 1516 2301 1579 esset,
2337 1516 2407 1566 ut

378 1583 465 1635 est
511 1581 897 1636 coniunctivus
935 1583 993 1635 et
1026 1581 1141 1636 illis
1179 1585 1239 1637 et
1272 1582 1559 1652 Madvigio
1597 1583 1849 1651 aliisque.
1913 1582 2199 1652 Madvigio
2242 1584 2258 1609 ‘
2271 1586 2405 1652 post

377 1652 489 1706 tuis
525 1651 768 1706 secunda
801 1667 1043 1722 persona
1079 1651 1148 1705 de
1183 1652 1401 1708 incerto
1431 1652 1682 1707 subiecto
1716 1652 1900 1722 accipi
1934 1652 2224 1722 nequire',
2260 1653 2405 1707 mihi

376 1721 607 1791 nequire
653 1722 819 1778 aliter
868 1721 1052 1792 accipi
1087 1722 1324 1777 videtur.
1398 1721 1486 1776 An
1528 1739 1563 1776 a
1598 1721 1883 1791 Torquato
1920 1723 2271 1792 potissimum
2306 1723 2402 1778 vel

376 1793 565 1861 potius
603 1794 724 1848 solo
760 1795 1023 1864 putamus
1062 1793 1259 1847 disseri
1286 1809 1411 1846 cum
1451 1792 1565 1846 suis
1600 1792 1749 1846 velle
1790 1792 2151 1850 Ciceronem?
2205 1795 2403 1862 Imm0,

376 1863 627 1931 quisquis
665 1864 904 1918 disserat
949 1880 1076 1918 cum
1119 1862 1437 1933 Epicureis,
1489 1862 1544 1916 ei
1588 1863 1932 1918 audienda
1975 1881 2083 1918 esse
2128 1866 2301 1919 multa
2336 1865 2405 1920 de

378 1933 616 1986 obscenis
650 1934 1038 2001 voluptatibus.
1079 1964 1146 1973 —
1182 1933 1242 1987 P.
1285 1939 1405 1987 150.
1446 1939 1478 1986 2
1508 1933 1755 2001 potuerit
1792 1934 1912 1987 cod.
1940 1933 2013 2002 B,
2049 1934 2194 1990 Bait.
2235 1935 2318 1990 ed.
2357 1936 2403 2002 Ι,

368 2003 575 2069 poterit
602 2001 679 2068 A,
717 2002 932 2070 Madv.,
968 2000 1112 2057 Bait.
1142 2003 1221 2067 11;
1259 2019 1311 2056 v.
1350 2001 1423 2055 ad
1458 2019 1513 2068 Ρ.
1556 2007 1673 2056 118.
1705 2007 1788 2056 18.
1820 2033 1887 2043 —-
1915 2002 1976 2058 P.
2010 2010 2128 2059 150.
2157 2011 2192 2058 4
2228 2007 2405 2060 bonus

375 2071 464 2125 vir
500 2070 618 2126 cod.
657 2071 735 2139 A,
776 2071 952 2139 Bait„
997 2073 1085 2125 vir
1131 2071 1302 2124 bonus
1339 2069 1412 2139 B,
1448 2071 1631 2126 Madv.
1675 2102 1742 2112 —
1779 2072 1841 2128 P.
1876 2078 1993 2127 150.
2024 2079 2057 2128 5
2103 2076 2247 2144 quod
2290 2091 2402 2130 cer·

376 2140 644 2195 tissimum
687 2144 764 2196 est
807 2139 1035 2209 inclusi,
1091 2156 1314 2195 crucem
1368 2142 1743 2211 praefixerunt
1785 2143 1971 2198 Madv.
2027 2146 2087 2198 et
2136 2145 2283 2199 Bait.
2334 2177 2403 2185 -

376 2210 437 2264 P.
479 2215 596 2265 150.
635 2215 703 2264 35
760 2227 834 2266 ac
887 2211 1110 2265 licentia
1161 2210 1383 2280 Lamb.,
1440 2212 1582 2267 Bait.
1631 2213 1718 2268 ed.
1766 2213 2013 2268 Tauchn.
2061 2245 2129 2254 -
2174 2215 2235 2270 P.
2281 2220 2401 2270 151.

377 2287 444 2334 29
491 2295 596 2349 quo
643 2280 761 2335 cod.
809 2280 889 2348 A,
934 2278 1106 2349 Bait,
1153 2296 1263 2351 qua
1308 2282 1353 2335 B
1404 2283 1461 2337 et
1504 2283 1645 2350 Erl.,
1692 2285 1787 2336 eui
1821 2284 2033 2347 Madv.,
2083 2299 2196 2337 non
2229 2287 2403 2355 recte,

379 2367 411 2405 o
453 2349 593 2404 inor.
642 2381 708 2391 —-
754 2349 817 2405 P.
867 2355 983 2404 152.
1031 2358 1096 2405 31
1153 2351 1458 2407 redwndet?
1550 2353 1784 2408 Prodest
1880 2352 2127 2405 raeclare
2182 2356 2400 2407 emend.

437 2421 588 2490 adv.,
627 2421 786 2476 codd.
832 2423 1059 2477 redeunt
1093 2426 1143 2476 et
1166 2423 1412 2491 prodest,
1446 2422 1599 2490 vulg.
1636 2423 1821 2476 redeat
1939 2420 2022 2474 Et
2057 2421 2291 2489 prodest.
2331 2454 2401 2462 —

376 2490 438 2547 P.
497 2498 614 2549 152.
661 2498 730 2548 83
786 2492 900 2548 nisi
952 2493 1180 2559 videris,
1250 2508 1365 2547 non
1409 2494 1632 2561 prodest
1695 2507 1725 2545 e
1780 2489 2003 2547 Graseri
2055 2490 2197 2546 coni.
2253 2492 2399 2548 Bait.

380 2595 447 2605 —
492 2562 554 2618 P.
606 2569 725 2620 158.
780 2569 847 2619 16
902 2563 1091 2620 Siculo
1144 2563 1273 2630 fecit
1316 2567 1555 2635 tyranno
1609 2561 1754 2619 Bait.
1808 2561 1870 2616 in
1923 2561 2009 2618 ed.
2062 2561 2212 2632 Lips.
2267 2561 2397 2619 incl.

380 2666 448 2675 —-
485 2635 545 2691 P.
579 2641 697 2692 153.
728 2641 798 2690 20
843 2635 1205 2702 deprecarere
1251 2633 1448 2702 Orell.,
1486 2650 1775 2703 precarere
1810 2633 1998 2701 codd.,
2044 2633 2194 2702 vulg.
2234 2665 2301 2673 —
2337 2634 2402 2690 P.

382 2711 499 2759 154.
533 2710 599 2760 15
644 2709 694 2760 si
729 2706 855 2760 add.
893 2706 1133 2774 Manut„
1180 2705 1323 2759 Bait.
1372 2705 1457 2760 ed.
1504 2703 1776 2771 Tauchn.,
1824 2704 1893 2757 de
1937 2720 2047 2772 quo
2091 2720 2272 2772 paene
2320 2705 2404 2759 in-

381 2773 648 2830 credibile
686 2777 774 2828 est
812 2777 1082 2842 quantum
1120 2777 1267 2829 erret
1302 2774 1573 2842 Madvig„
1611 2791 1732 2828 cwm
1758 2773 1969 2841 Madv.,
2006 2772 2152 2829 Bait.
2192 2774 2275 2827 ed.
2308 2775 2401 2831 Or.

381 2875 450 2884 —
485 2844 545 2898 P.
587 2849 706 2898 154.
745 2849 809 2897 21
859 2845 1192 2898 multimodis
1237 2844 1425 2910 codd.,
1470 2843 1639 2911 Bait„
1676 2844 1865 2896 multis
1897 2843 2072 2896 modis
2106 2842 2294 2898 Madv.
2336 2878 2403 2887 —

380 2913 444 2969 P.
485 2918 604 2968 156.
633 2918 665 2967 2
703 2913 936 2980 diffidet
972 2913 1091 2966 cod.
1129 2911 1206 2979 A,
1243 2912 1475 2979 diffidit
1506 2912 1552 2964 B
1592 2913 1650 2965 et
1685 2911 1825 2979 Erl.,
1863 2911 2076 2981 Madv.,
2114 2912 2259 2968 Bait.
2320 2915 2402 2970 Cf.

380 2984 527 3039 infra
580 3001 635 3038 v.
682 2989 749 3038 22
811 2982 922 3052 Qui
966 3012 1033 3022 —
1073 2982 1281 3050 ponit,
1326 2983 1376 3036 is
1416 2986 1589 3049 potest
1632 2982 1808 3036 dicere
1852 3012 1948 3049 —,
1993 3001 2044 3038 v.
2094 2989 2165 3039 24
2213 2987 2405 3041 autem

385 3055 497 3125 Qui
533 3058 712 3108 autem
748 3083 814 3092 -
844 3053 1134 3121 putabit,
1169 3053 1268 3121 qui
1302 3051 1412 3107 sibi
1446 3052 1497 3106 is
1532 3053 1828 3118 conveniet,
1876 3054 1928 3107 si
1961 3055 2182 3123 mydbit
2215 3057 2403 3124 volup-

381 3129 545 3181 tatem
590 3139 818 3179 crescere
865 3120 1300 3192 lonqinquitate?
1346 3122 1498 3190 quod
1544 3123 1631 3176 est
1673 3121 1791 3176 fere
1835 3121 1987 3178 idem
2034 3140 2102 3178 ac
2150 3127 2405 3181 concedat

381 3209 586 3251 necesse
611 3198 689 3250 est
713 3195 1040 3262 voluptatem
1067 3208 1311 3259 crescere,
1340 3195 1399 3247 et
1424 3192 1684 3247 Wesenb.
1713 3192 1873 3249 Tusc.
1897 3193 1975 3249 IV
2007 3199 2087 3248 15.
2118 3199 2185 3249 35
2212 3212 2267 3264 p.
2296 3202 2405 3251 315

383 3266 473 3322 Or.
502 3265 572 3320 II.
601 3295 670 3305 -
698 3264 760 3320 P.
793 3269 912 3319 156.
943 3269 1010 3320 15
1037 3280 1105 3319 πε
1131 3264 1553 3319 diuturnitatem
1577 3264 1792 3333 quidem
1817 3264 2019 3332 Madv.,
2050 3281 2157 3320 om.
2184 3281 2254 3319 ne
2280 3266 2403 3323 cod.

382 3336 450 3404 A,
477 3335 642 3403 Bait„
669 3350 766 3391 nec
790 3333 910 3388 ΒΕ.
940 3366 1008 3375 -
1038 3335 1099 3390 Ρ.
1126 3339 1245 3390 156.
1273 3340 1346 3390 24
1371 3336 1647 3404 voluptate
1671 3336 1842 3390 vitam
1868 3336 2013 3402 effici
2040 3337 2250 3390 beatam
2277 3337 2404 3392 cod.

385 3407 453 3475 B,
489 3406 705 3473 Madv.,
742 3405 890 3473 effici
925 3405 1024 3461 vol.
1056 3406 1103 3462 b.
1130 3407 1225 3462 vit.
1252 3405 1331 3475 A,
1366 3405 1510 3461 Bait.
1542 3436 1610 3445 -
1638 3403 1701 3459 P.
1734 3412 1851 3460 156.
1881 3411 1949 3460 29
1978 3406 2211 3476 appellet
2236 3407 2404 3476 Epic.

381 3477 596 3532 beatum
634 3475 755 3534 cod.
792 3475 869 3547 A,
916 3477 1089 3547 Bait„
1134 3476 1297 3548 Epic.
1338 3493 1464 3548 app.
1505 3477 1639 3533 beat.
1678 3476 1797 3531 cod.
1836 3474 1908 3545 B,
1944 3475 2057 3546 Ep.
2094 3477 2231 3532 beat.
2270 3493 2403 3547 app.
