2609 3884
374 140 502 202 114
706 136 803 190 DE
842 133 1133 190 FINIBUS
1170 132 1530 189 BONORUM
1558 133 1655 187 ΕΤ
1691 129 2056 188 MALORUM

270 297 351 362 18
370 299 659 383 laetitia,
732 298 788 362 si
858 297 1051 362 bona.
1166 293 1223 360 Ο
1285 294 1683 380 praeclaram
1745 294 1934 359 beate
1995 294 2255 360 vivendi
2327 296 2396 359 et

270 1199 337 1248 68

268 1726 336 1775 59

372 392 663 472 apertam
710 390 778 451 et
823 384 1182 468 simplicem
1225 386 1294 448 et
1337 381 1660 447 derectam
1699 381 1930 447 vitam!
2005 378 2170 447 Cum
2218 381 2394 448 enim

372 479 543 541 certe
607 473 775 539 nihil
836 472 1087 559 homini
1147 471 1360 555 possit
1421 471 1652 535 melius
1719 492 1858 535 esse
1915 492 2110 555 quam
2162 491 2395 536 vacare

373 563 551 630 omni
597 562 819 627 dolore
864 565 931 626 et
974 560 1277 626 molestia
1321 557 1692 642 perfruique
1733 558 2034 623 maximis
2081 562 2147 623 et
2189 558 2397 622 animi

372 655 440 716 et
476 651 764 734 corporis
800 648 1273 732 voluptatibus,
1309 646 1641 730 videtisne,
1678 667 1869 730 quam
1906 646 2072 710 nihil
2105 648 2395 730 praeter·
2422 671 2458 712 s

373 740 699 822 mittatur,
753 737 926 822 quod
977 737 1180 802 vitam
1236 734 1522 818 adiuvet,
1574 756 1702 819 quo
1755 734 2012 799 facilius
2067 733 2164 815 id,
2222 735 2399 820 quod

371 827 777 911 propositum
804 829 923 908 est,
963 845 1283 889 summum
1309 823 1553 888 bonum
1581 820 2091 907 consequamur?
2137 819 2400 888 Clamat

371 915 711 999 Epicurus,
746 915 805 979 is
842 933 1035 996 quem
1061 933 1179 977 vos
1217 911 1416 976 nimis
1449 907 1893 993 voluptatibus
1929 931 2072 974 esse
2109 910 2398 975 deditum

373 1002 616 1086 dicitis,
659 1024 793 1068 non
828 1021 1021 1084 posse
1056 999 1328 1064 iucunde
1363 999 1521 1082 vivi,
1567 999 1694 1064 nisi
1729 998 2084 1082 sapienter,
2119 997 2396 1063 honeste

373 1091 668 1174 iusteque
720 1089 1004 1172 vivatur,
1058 1108 1179 1153 nec
1234 1087 1588 1171 sapienter,
1649 1086 1951 1169 honeste,
2004 1087 2202 1171 iuste,
2264 1086 2395 1151 nisi
2427 1113 2490 1152 ιο

372 1177 663 1243 iucunde.
757 1175 985 1260 Neque
1040 1175 1211 1240 enim
1266 1175 1494 1240 civitas
1539 1175 1612 1240 in
1655 1173 1970 1240 seditione
2013 1175 2208 1240 beata
2253 1195 2397 1239 esse

372 1268 591 1351 potest
633 1285 752 1330 nec
794 1265 865 1329 in
910 1263 1230 1329 discordia
1266 1263 1672 1329 dominorum
1713 1262 1969 1348 domus3
2017 1283 2140 1346 quo
2179 1262 2397 1328 minus

375 1354 627 1418 animus
655 1375 697 1418 a
723 1373 792 1417 se
827 1352 968 1436 ipse
1004 1350 1322 1416 dissidens
1351 1372 1692 1435 secumque
1729 1350 2104 1416 discordans
2130 1355 2400 1435 gustare

372 1433 629 1525 partem
693 1440 899 1506 ullam
950 1438 1237 1524 liquidae
1298 1439 1659 1523 voluptatis
1724 1441 1791 1504 et
1851 1439 2094 1524 liberae
2155 1443 2398 1522 potest.

373 1528 579 1614 Atqui
640 1528 1082 1614 pugnantibus
1145 1531 1213 1592 et
1263 1527 1619 1599 ,contrariis
1682 1527 1914 1592 studiis
1978 1527 2394 1610 consiliisque
2426 1551 2486 1593 ιε

376 1638 629 1702 semper
653 1620 841 1682 utens
877 1616 1045 1680 nihil
1080 1615 1286 1699 quieti
1321 1615 1554 1698 videre,
1586 1614 1756 1680 nihil
1796 1615 2133 1699 tranquilli
2158 1618 2398 1698 potest.

376 1705 620 1782 Quodsi
687 1704 973 1789 corporis
1039 1703 1448 1788 gravioribus
1501 1702 1745 1768 morbis
1799 1703 1973 1768 vitae
2031 1703 2397 1769 iucunditas

372 1793 749 1876 impeditur,
805 1795 1044 1876 quanto
1099 1790 1310 1875 magis
1365 1791 1566 1857 animi
1619 1791 1866 1857 morbis
1931 1791 2231 1874 impediri
2283 1813 2398 1856 ne-

374 1902 551 1946 cesse
606 1882 733 1946 est!
823 1879 1047 1944 Animi
1090 1881 1311 1943 autem·
1364 1879 1578 1944 morbi
1633 1883 1788 1944 sunt
1845 1878 2232 1962 cupiditates
2276 1880 2396 1943 im-

372 1965 633 2034 mensae
694 1972 760 2032 et
820 1969 1048 2032 inanes
1110 1966 1514 2050 divitiarum,
1578 1965 1852 2052 gloriae,
1914 1967 2396 2051 dominationis,
2425 1993 2483 2034 πο

292 2115 297 2120 .
370 2056 869 2121 libidinosarum
922 2055 1119 2120 etiam
1180 2054 1610 2139 voluptatum.
1715 2055 2052 2121 Accedunt
2114 2055 2395 2140 aegritu·

373 2143 585 2226 dines,
637 2143 1004 2227 molestiae,
1056 2163 1381 2209 maerores
1377 2193 1408 2227 ‚,
1461 2143 1573 2226 qui
1617 2142 1899 2209 exedunt
1949 2144 2199 2209 animos
2245 2165 2396 2209 con-

370 2231 719 2315 ficiuntque
791 2230 961 2295 curis
1032 2230 1371 2296 hominum
1441 2251 1579 2297 non
1647 2231 2166 2316 intellegentium
2225 2231 2396 2296 nihil

373 2318 717 2385 dolendum
789 2338 929 2383 esse
1002 2318 1249 2401 anime,
1323 2318 1496 2402 quod
1562 2319 1650 2384 sit
1712 2341 1751 2384 a
1789 2318 2036 2407 „dolore
2100 2321 2394 2403 corporis

370 2407 699 2492 praesenti
762 2406 1064 2472 futurove
1137 2406 1513 2473 seiunctum.
1627 2405 1694 2472 N
1696 2428 1768 2472 ec
1838 2428 1989 2472 vero
2053 2408 2396 2492 quisquam
2425 2433 2482 2474 25

374 2498 611 2562 stultus
671 2516 810 2561 non
868 2494 1103 2560 horum
1165 2496 1540 2560 morborum
1593 2495 1809 2578 aliquo
1866 2495 2149 2581 laborat3
2203 2517 2397 2561 nemo

268 2605 337 2655 60
372 2585 575 2670 igitur
626 2585 851 2650 stultus
903 2605 1037 2648 non
1088 2583 1306 2648 miser.
1402 2583 1672 2650 Accedit
1723 2583 1920 2648 etiam
1973 2605 2176 2668 mors,
2233 2605 2397 2668 quae

264 3482 330 3533 61

373 2673 561 2756 quasi
614 2694 842 2737 saxum
902 2671 1181 2737 Tantalo
1237 2693 1493 2755 semper
1553 2670 1910 2755 impendet,
1974 2677 2116 2736 tum
2175 2693 2396 2757 super·

374 2761 583 2840 stitio,
651 2782 777 2844 qua
833 2761 945 2844 qui
1008 2763 1109 2824 est
1158 2760 1476 2845 imbutus,
1531 2759 1786 2842 quietus
1841 2780 1980 2825 esse
2041 2781 2396 2844 numquam

369 2851 603 2930 potest.
703 2847 1051 2912 Praeterea
1104 2849 1275 2912 bona
1335 2846 1690 2930 praeterita
1749 2868 1882 2911 non
1945 2848 2396 2932 meminerunt,
2421 2875 2480 2916 ao
2603 2839 2605 2912 ῗ

370 2935 823 3018 praesentibus
877 2956 1011 2999 non
1062 2933 1400 3019 fruuntur,
1463 2934 1684 3000 futura
1745 2934 1938 3000 modo
2002 2940 2398 3020 exspectant,

373 3043 536 3106 quae
610 3023 760 3106 quia
832 3026 1007 3086 certa
1070 3043 1209 3086 esse
1268 3044 1406 3088 non
1466 3026 1773 3106 possunt,
1840 3023 2270 3090 conficiuntur
2331 3027 2400 3088 et

373 3130 614 3192 angore
690 3111 758 3173 et
826 3113 1005 3173 metu
1075 3110 1480 3194 maximeque
1553 3111 1949 3197 cruciantur,
2029 3133 2175 3178 cum
2250 3134 2396 3179 sero

372 3197 666 3262 sentiunt
699 3195 946 3261 frustra
980 3217 1051 3261 se
1087 3200 1203 3260 aut
1237 3199 1548 3281 pecuniae
1586 3199 1910 3265 studuisse
1955 3204 2070 3265 aut
2101 3201 2395 3284 imperiis

372 3288 485 3350 aut
550 3283 781 3367 opibus
844 3287 962 3349 aut
1012 3283 1276 3368 gloriae.
1361 3284 1453 3351 ,Ν
1454 3287 1621 3351 ullas
1677 3288 1854 3355 enim
1915 3291 2397 3373 consequuntur
2421 3314 2480 3358 35
2604 3347 2605 3356 ,

370 3373 769 3456 voluptates,
830 3392 1103 3454 quarum
1166 3372 1458 3457 potiendi
1521 3395 1636 3456 spe
1703 3375 2090 3440 inflammati
2153 3376 2396 3442 multos

368 3460 626 3525 labores
698 3479 1101 3544 magnosque
1170 3464 1603 3561 susceperant.
1725 3460 1894 3529 Ecce
1980 3467 2199 3529 autem
2281 3463 2395 3530 alii
