<?xml version="1.0" encoding="UTF-8"?>
<!DOCTYPE html PUBLIC "-//W3C//DTD XHTML 1.0 Transitional//EN"
    "http://www.w3.org/TR/xhtml1/DTD/xhtml1-transitional.dtd">
<html xmlns="http://www.w3.org/1999/xhtml" xml:lang="en" lang="en">
 <head>
  <title>
</title>
<meta http-equiv="Content-Type" content="text/html;charset=utf-8" />
  <meta name='ocr-system' content='tesseract 3.04.00' />
  <meta name='ocr-capabilities' content='ocr_page ocr_carea ocr_par ocr_line ocrx_word'/>
</head>
<body>
  <div class='ocr_page' id='page_1' title='image "./scriptaquaemans01mlgoog_0316.png"; bbox 0 0 2609 3884; ppageno 0'>
   <div class='ocr_carea' id='block_1_1' title="bbox 335 592 400 640">
    <p class='ocr_par' dir='ltr' id='par_1_1' title="bbox 335 592 400 640">
     <span class='ocr_line' id='line_1_1' title="bbox 335 592 400 640; baseline -0.015 0"><span class='ocrx_word' id='word_1_1' title='bbox 335 592 400 640; x_wconf 77' lang='lat'><strong>72</strong></span> 
     </span>
    </p>
   </div>
   <div class='ocr_carea' id='block_1_2' title="bbox 329 2043 416 2169">
    <p class='ocr_par' dir='ltr' id='par_1_2' title="bbox 329 2043 416 2169">
     <span class='ocr_line' id='line_1_2' title="bbox 329 2043 416 2107; baseline 0.046 -4"><span class='ocrx_word' id='word_1_2' title='bbox 329 2043 416 2107; x_wconf 82' lang='lat'><strong>25</strong></span> 
     </span>
     <span class='ocr_line' id='line_1_3' title="bbox 329 2120 398 2169; baseline -0.014 0"><span class='ocrx_word' id='word_1_3' title='bbox 329 2120 398 2169; x_wconf 75' lang='lat'><strong>73</strong></span> 
     </span>
    </p>
   </div>
   <div class='ocr_carea' id='block_1_3' title="bbox 439 150 2215 216">
    <p class='ocr_par' dir='ltr' id='par_1_3' title="bbox 439 150 2215 216">
     <span class='ocr_line' id='line_1_4' title="bbox 439 150 2215 216; baseline -0.007 1"><span class='ocrx_word' id='word_1_4' title='bbox 439 150 572 216; x_wconf 82' lang='lat'><strong>266</strong></span> <span class='ocrx_word' id='word_1_5' title='bbox 763 151 859 206; x_wconf 88' lang='lat' dir='ltr'><strong>DE</strong></span> <span class='ocrx_word' id='word_1_6' title='bbox 896 150 1187 206; x_wconf 85' lang='lat' dir='ltr'>FINIBUS</span> <span class='ocrx_word' id='word_1_7' title='bbox 1223 150 1585 207; x_wconf 83' lang='lat' dir='ltr'>BONORUM</span> <span class='ocrx_word' id='word_1_8' title='bbox 1618 150 1715 205; x_wconf 83' lang='lat' dir='ltr'><strong>ET</strong></span> <span class='ocrx_word' id='word_1_9' title='bbox 1752 150 2120 206; x_wconf 79' lang='lat' dir='ltr'><strong>MALORUM</strong></span> <span class='ocrx_word' id='word_1_10' title='bbox 2208 173 2215 181; x_wconf 95' lang='lat'><em>·</em></span> 
     </span>
    </p>
   </div>
   <div class='ocr_carea' id='block_1_4' title="bbox 431 311 2548 3227">
    <p class='ocr_par' dir='ltr' id='par_1_4' title="bbox 431 311 2548 3209">
     <span class='ocr_line' id='line_1_5' title="bbox 439 311 2449 397; baseline -0.001 -18"><span class='ocrx_word' id='word_1_11' title='bbox 439 315 580 379; x_wconf 89' lang='lat' dir='ltr'><strong>sine</strong></span> <span class='ocrx_word' id='word_1_12' title='bbox 622 314 752 377; x_wconf 90' lang='lat' dir='ltr'><strong>illis</strong></span> <span class='ocrx_word' id='word_1_13' title='bbox 797 313 1008 397; x_wconf 91' lang='lat' dir='ltr'><strong>possit</strong></span> <span class='ocrx_word' id='word_1_14' title='bbox 1051 313 1245 377; x_wconf 90' lang='lat' dir='ltr'><strong>beata</strong></span> <span class='ocrx_word' id='word_1_15' title='bbox 1280 313 1416 377; x_wconf 84' lang='lat' dir='ltr'><strong>vita</strong></span> <span class='ocrx_word' id='word_1_16' title='bbox 1454 313 1778 380; x_wconf 75' lang='lat' dir='ltr'><strong>exsistere.</strong></span> <span class='ocrx_word' id='word_1_17' title='bbox 1848 311 1953 377; x_wconf 98' lang='lat' dir='ltr'><strong>Ita</strong></span> <span class='ocrx_word' id='word_1_18' title='bbox 1998 313 2173 379; x_wconf 91' lang='lat' dir='ltr'><strong>enim</strong></span> <span class='ocrx_word' id='word_1_19' title='bbox 2217 334 2449 397; x_wconf 80' lang='lat' dir='ltr'><strong>parvae</strong></span> 
     </span>
     <span class='ocr_line' id='line_1_6' title="bbox 439 401 2453 486; baseline -0 -19"><span class='ocrx_word' id='word_1_20' title='bbox 439 406 507 467; x_wconf 92' lang='lat' dir='ltr'><strong>et</strong></span> <span class='ocrx_word' id='word_1_21' title='bbox 552 402 819 486; x_wconf 83' lang='lat' dir='ltr'><strong>exiguae</strong></span> <span class='ocrx_word' id='word_1_22' title='bbox 867 404 1020 467; x_wconf 90' lang='lat' dir='ltr'><strong>sunt</strong></span> <span class='ocrx_word' id='word_1_23' title='bbox 1062 401 1226 465; x_wconf 90' lang='lat' dir='ltr'><strong>istae</strong></span> <span class='ocrx_word' id='word_1_24' title='bbox 1273 401 1675 466; x_wconf 79' lang='lat' dir='ltr'><strong>accessiones</strong></span> <span class='ocrx_word' id='word_1_25' title='bbox 1720 402 2071 485; x_wconf 88' lang='lat' dir='ltr'><strong>bonorum,</strong></span> <span class='ocrx_word' id='word_1_26' title='bbox 2116 405 2217 484; x_wconf 88' lang='lat' dir='ltr'><strong>ut,</strong></span> <span class='ocrx_word' id='word_1_27' title='bbox 2262 424 2453 486; x_wconf 91' lang='lat' dir='ltr'><strong>quem</strong></span> 
     </span>
     <span class='ocr_line' id='line_1_7' title="bbox 439 489 2453 573; baseline -0.001 -18"><span class='ocrx_word' id='word_1_28' title='bbox 439 491 520 555; x_wconf 85' lang='lat' dir='ltr'><strong>ad</strong></span> <span class='ocrx_word' id='word_1_29' title='bbox 574 490 837 555; x_wconf 90' lang='lat' dir='ltr'><strong>modum</strong></span> <span class='ocrx_word' id='word_1_30' title='bbox 891 489 1122 554; x_wconf 90' lang='lat' dir='ltr'><strong>stellae</strong></span> <span class='ocrx_word' id='word_1_31' title='bbox 1175 489 1246 553; x_wconf 94' lang='lat' dir='ltr'><strong>in</strong></span> <span class='ocrx_word' id='word_1_32' title='bbox 1297 489 1497 553; x_wconf 88' lang='lat' dir='ltr'><strong>radiis</strong></span> <span class='ocrx_word' id='word_1_33' title='bbox 1562 489 1749 573; x_wconf 89' lang='lat' dir='ltr'><strong>solis,</strong></span> <span class='ocrx_word' id='word_1_34' title='bbox 1814 490 1907 554; x_wconf 89' lang='lat' dir='ltr'><strong>sic</strong></span> <span class='ocrx_word' id='word_1_35' title='bbox 1967 490 2130 554; x_wconf 88' lang='lat' dir='ltr'><strong>istae</strong></span> <span class='ocrx_word' id='word_1_36' title='bbox 2192 490 2263 554; x_wconf 92' lang='lat' dir='ltr'><strong>in</strong></span> <span class='ocrx_word' id='word_1_37' title='bbox 2322 491 2453 554; x_wconf 82' lang='lat' dir='ltr'><strong>vir—</strong></span> 
     </span>
     <span class='ocr_line' id='line_1_8' title="bbox 439 577 2455 663; baseline 0 -20"><span class='ocrx_word' id='word_1_38' title='bbox 439 582 654 644; x_wconf 90' lang='lat' dir='ltr'><strong>tutum</strong></span> <span class='ocrx_word' id='word_1_39' title='bbox 717 578 1054 661; x_wconf 84' lang='lat' dir='ltr'><strong>splendore</strong></span> <span class='ocrx_word' id='word_1_40' title='bbox 1116 598 1200 641; x_wconf 92' lang='lat' dir='ltr'><strong>ne</strong></span> <span class='ocrx_word' id='word_1_41' title='bbox 1266 580 1611 643; x_wconf 88' lang='lat' dir='ltr'><strong>cernantur</strong></span> <span class='ocrx_word' id='word_1_42' title='bbox 1672 577 1948 661; x_wconf 90' lang='lat' dir='ltr'><strong>quidem.</strong></span> <span class='ocrx_word' id='word_1_43' title='bbox 2054 577 2273 663; x_wconf 85' lang='lat' dir='ltr'><strong>Atque</strong></span> <span class='ocrx_word' id='word_1_44' title='bbox 2330 578 2455 643; x_wconf 92' lang='lat' dir='ltr'><strong>hoc</strong></span> 
     </span>
     <span class='ocr_line' id='line_1_9' title="bbox 437 665 2548 749; baseline 0.001 -18"><span class='ocrx_word' id='word_1_45' title='bbox 437 670 512 731; x_wconf 91' lang='lat' dir='ltr'><strong>ut</strong></span> <span class='ocrx_word' id='word_1_46' title='bbox 563 688 710 731; x_wconf 85' lang='lat' dir='ltr'><strong>vere</strong></span> <span class='ocrx_word' id='word_1_47' title='bbox 765 666 1026 749; x_wconf 88' lang='lat' dir='ltr'><strong>dicitur,</strong></span> <span class='ocrx_word' id='word_1_48' title='bbox 1079 687 1282 749; x_wconf 84' lang='lat' dir='ltr'><strong>parva</strong></span> <span class='ocrx_word' id='word_1_49' title='bbox 1336 686 1474 729; x_wconf 91' lang='lat' dir='ltr'><strong>esse</strong></span> <span class='ocrx_word' id='word_1_50' title='bbox 1529 666 1610 729; x_wconf 91' lang='lat' dir='ltr'><strong>ad</strong></span> <span class='ocrx_word' id='word_1_51' title='bbox 1672 665 1862 730; x_wconf 91' lang='lat' dir='ltr'><strong>beate</strong></span> <span class='ocrx_word' id='word_1_52' title='bbox 1916 666 2263 730; x_wconf 83' lang='lat' dir='ltr'><strong>vivendum</strong></span> <span class='ocrx_word' id='word_1_53' title='bbox 2318 688 2454 731; x_wconf 89' lang='lat' dir='ltr'><strong>mo·</strong></span> <span class='ocrx_word' id='word_1_54' title='bbox 2478 694 2496 732; x_wconf 73' lang='lat' dir='ltr'><strong>r,</strong></span> <span class='ocrx_word' id='word_1_55' title='bbox 2546 714 2548 735; x_wconf 26' lang='grc' dir='ltr'><strong>ἱ</strong></span> 
     </span>
     <span class='ocr_line' id='line_1_10' title="bbox 438 753 2455 839; baseline -0 -20"><span class='ocrx_word' id='word_1_56' title='bbox 438 757 658 819; x_wconf 87' lang='lat' dir='ltr'><strong>menta</strong></span> <span class='ocrx_word' id='word_1_57' title='bbox 702 755 830 819; x_wconf 85' lang='lat' dir='ltr'><strong>ista</strong></span> <span class='ocrx_word' id='word_1_58' title='bbox 866 754 1155 839; x_wconf 88' lang='lat' dir='ltr'><strong>corporis</strong></span> <span class='ocrx_word' id='word_1_59' title='bbox 1193 753 1693 836; x_wconf 88' lang='lat' dir='ltr'><strong>commodorum,</strong></span> <span class='ocrx_word' id='word_1_60' title='bbox 1740 754 1831 818; x_wconf 90' lang='lat' dir='ltr'><strong>sic</strong></span> <span class='ocrx_word' id='word_1_61' title='bbox 1866 754 2065 819; x_wconf 90' lang='lat' dir='ltr'><strong>nimis</strong></span> <span class='ocrx_word' id='word_1_62' title='bbox 2101 754 2455 818; x_wconf 81' lang='lat' dir='ltr'><strong>violentum</strong></span> 
     </span>
     <span class='ocr_line' id='line_1_11' title="bbox 437 841 2456 925; baseline -0 -19"><span class='ocrx_word' id='word_1_63' title='bbox 437 847 538 907; x_wconf 91' lang='lat' dir='ltr'><strong>est</strong></span> <span class='ocrx_word' id='word_1_64' title='bbox 590 842 771 907; x_wconf 91' lang='lat' dir='ltr'><strong>nulla</strong></span> <span class='ocrx_word' id='word_1_65' title='bbox 826 863 964 907; x_wconf 89' lang='lat' dir='ltr'><strong>esse</strong></span> <span class='ocrx_word' id='word_1_66' title='bbox 1020 842 1257 925; x_wconf 80' lang='lat' dir='ltr'><strong>dicere3</strong></span> <span class='ocrx_word' id='word_1_67' title='bbox 1312 842 1425 925; x_wconf 86' lang='lat' dir='ltr'><strong>qui</strong></span> <span class='ocrx_word' id='word_1_68' title='bbox 1478 841 1650 907; x_wconf 89' lang='lat' dir='ltr'><strong>enim</strong></span> <span class='ocrx_word' id='word_1_69' title='bbox 1705 842 1798 905; x_wconf 89' lang='lat' dir='ltr'><strong>sic</strong></span> <span class='ocrx_word' id='word_1_70' title='bbox 1844 841 2205 925; x_wconf 89' lang='lat' dir='ltr'><strong>disputant,</strong></span> <span class='ocrx_word' id='word_1_71' title='bbox 2266 842 2456 907; x_wconf 86' lang='lat' dir='ltr'><strong>obliti</strong></span> 
     </span>
     <span class='ocr_line' id='line_1_12' title="bbox 437 929 2548 1013; baseline -0.001 -18"><span class='ocrx_word' id='word_1_72' title='bbox 437 930 602 995; x_wconf 90' lang='lat' dir='ltr'><strong>mihi</strong></span> <span class='ocrx_word' id='word_1_73' title='bbox 664 930 990 1013; x_wconf 80' lang='lat' dir='ltr'><strong>videntur,</strong></span> <span class='ocrx_word' id='word_1_74' title='bbox 1048 951 1210 1013; x_wconf 91' lang='lat' dir='ltr'><strong>quae</strong></span> <span class='ocrx_word' id='word_1_75' title='bbox 1263 929 1395 1013; x_wconf 91' lang='lat' dir='ltr'><strong>ipsi</strong></span> <span class='ocrx_word' id='word_1_76' title='bbox 1444 929 1719 993; x_wconf 87' lang='lat' dir='ltr'><strong>fecerint</strong></span> <span class='ocrx_word' id='word_1_77' title='bbox 1779 930 2101 1013; x_wconf 89' lang='lat' dir='ltr'><strong>principia</strong></span> <span class='ocrx_word' id='word_1_78' title='bbox 2162 933 2456 994; x_wconf 86' lang='lat' dir='ltr'><strong>naturae.</strong></span> <span class='ocrx_word' id='word_1_79' title='bbox 2547 938 2548 941; x_wconf 75' lang='grc'>’</span> 
     </span>
     <span class='ocr_line' id='line_1_13' title="bbox 435 1016 2455 1102; baseline -0.002 -18"><span class='ocrx_word' id='word_1_80' title='bbox 435 1019 873 1083; x_wconf 83' lang='lat' dir='ltr'><strong>Tribuendum</strong></span> <span class='ocrx_word' id='word_1_81' title='bbox 919 1019 1020 1081; x_wconf 90' lang='lat' dir='ltr'><strong>est</strong></span> <span class='ocrx_word' id='word_1_82' title='bbox 1064 1018 1266 1101; x_wconf 89' lang='lat' dir='ltr'><strong>igitur</strong></span> <span class='ocrx_word' id='word_1_83' title='bbox 1308 1017 1412 1081; x_wconf 92' lang='lat' dir='ltr'><strong>his</strong></span> <span class='ocrx_word' id='word_1_84' title='bbox 1459 1017 1727 1102; x_wconf 88' lang='lat' dir='ltr'><strong>aliquid,</strong></span> <span class='ocrx_word' id='word_1_85' title='bbox 1782 1016 1935 1082; x_wconf 91' lang='lat' dir='ltr'><strong>dum</strong></span> <span class='ocrx_word' id='word_1_86' title='bbox 1979 1017 2197 1101; x_wconf 87' lang='lat' dir='ltr'><strong>modo,</strong></span> <span class='ocrx_word' id='word_1_87' title='bbox 2256 1040 2455 1102; x_wconf 87' lang='lat' dir='ltr'><strong>quan-</strong></span> 
     </span>
     <span class='ocr_line' id='line_1_14' title="bbox 435 1068 2520 1189; baseline 0 -19"><span class='ocrx_word' id='word_1_88' title='bbox 435 1109 577 1170; x_wconf 90' lang='lat' dir='ltr'><strong>tum</strong></span> <span class='ocrx_word' id='word_1_89' title='bbox 620 1105 1032 1170; x_wconf 86' lang='lat' dir='ltr'><strong>tribuendum</strong></span> <span class='ocrx_word' id='word_1_90' title='bbox 1077 1106 1188 1188; x_wconf 84' lang='lat' dir='ltr'><strong>sit,</strong></span> <span class='ocrx_word' id='word_1_91' title='bbox 1232 1105 1594 1189; x_wconf 73' lang='lat' dir='ltr'><strong>intellegas.</strong></span> <span class='ocrx_word' id='word_1_92' title='bbox 1695 1104 1822 1170; x_wconf 82' lang='lat' dir='ltr'><strong>Est</strong></span> <span class='ocrx_word' id='word_1_93' title='bbox 1863 1106 2039 1170; x_wconf 86' lang='lat' dir='ltr'><strong>enim</strong></span> <span class='ocrx_word' id='word_1_94' title='bbox 2082 1068 2458 1189; x_wconf 86' lang='lat' dir='ltr'><strong>philosophi</strong></span> <span class='ocrx_word' id='word_1_95' title='bbox 2482 1132 2520 1171; x_wconf 82' lang='lat'><strong>10</strong></span> 
     </span>
     <span class='ocr_line' id='line_1_15' title="bbox 433 1193 2455 1296; baseline 0.001 -39"><span class='ocrx_word' id='word_1_96' title='bbox 433 1216 567 1258; x_wconf 93' lang='lat' dir='ltr'><strong>non</strong></span> <span class='ocrx_word' id='word_1_97' title='bbox 601 1196 740 1257; x_wconf 91' lang='lat' dir='ltr'><strong>tam</strong></span> <span class='ocrx_word' id='word_1_98' title='bbox 776 1193 1062 1277; x_wconf 85' lang='lat' dir='ltr'><strong>gloriosa</strong></span> <span class='ocrx_word' id='word_1_99' title='bbox 1099 1214 1291 1276; x_wconf 87' lang='lat' dir='ltr'><strong>quam</strong></span> <span class='ocrx_word' id='word_1_100' title='bbox 1330 1214 1485 1258; x_wconf 81' lang='lat' dir='ltr'><strong>vera</strong></span> <span class='ocrx_word' id='word_1_101' title='bbox 1523 1193 1891 1277; x_wconf 88' lang='lat' dir='ltr'><strong>quaerentis</strong></span> <span class='ocrx_word' id='word_1_102' title='bbox 1925 1215 2046 1259; x_wconf 90' lang='lat' dir='ltr'><strong>nec</strong></span> <span class='ocrx_word' id='word_1_103' title='bbox 2089 1216 2209 1296; x_wconf 84' lang='lat' dir='ltr'><strong>pro</strong></span> <span class='ocrx_word' id='word_1_104' title='bbox 2246 1194 2455 1259; x_wconf 90' lang='grc'>11111110</span> 
     </span>
     <span class='ocr_line' id='line_1_16' title="bbox 433 1281 2458 1367; baseline 0 -22"><span class='ocrx_word' id='word_1_105' title='bbox 433 1285 666 1365; x_wconf 88' lang='lat' dir='ltr'><strong>putare</strong></span> <span class='ocrx_word' id='word_1_106' title='bbox 720 1302 822 1364; x_wconf 88' lang='lat' dir='ltr'><strong>ea,</strong></span> <span class='ocrx_word' id='word_1_107' title='bbox 877 1302 1042 1365; x_wconf 89' lang='lat' dir='ltr'><strong>quae</strong></span> <span class='ocrx_word' id='word_1_108' title='bbox 1099 1281 1445 1345; x_wconf 90' lang='lat' dir='ltr'><strong>secundum</strong></span> <span class='ocrx_word' id='word_1_109' title='bbox 1498 1285 1797 1345; x_wconf 90' lang='lat' dir='ltr'><strong>naturam</strong></span> <span class='ocrx_word' id='word_1_110' title='bbox 1851 1281 1951 1345; x_wconf 91' lang='lat' dir='ltr'><strong>illi</strong></span> <span class='ocrx_word' id='word_1_111' title='bbox 2003 1282 2131 1365; x_wconf 90' lang='lat' dir='ltr'><strong>ipsi</strong></span> <span class='ocrx_word' id='word_1_112' title='bbox 2186 1282 2458 1367; x_wconf 81' lang='lat' dir='ltr'><strong>gloriosi</strong></span> 
     </span>
     <span class='ocr_line' id='line_1_17' title="bbox 435 1368 2457 1452; baseline 0.001 -20"><span class='ocrx_word' id='word_1_113' title='bbox 435 1390 578 1433; x_wconf 91' lang='lat' dir='ltr'><strong>esse</strong></span> <span class='ocrx_word' id='word_1_114' title='bbox 621 1368 974 1452; x_wconf 85' lang='lat' dir='ltr'><strong>fateantur,</strong></span> <span class='ocrx_word' id='word_1_115' title='bbox 1019 1371 1086 1433; x_wconf 90' lang='lat' dir='ltr'><strong>et</strong></span> <span class='ocrx_word' id='word_1_116' title='bbox 1128 1369 1347 1434; x_wconf 80' lang='lat' dir='ltr'><strong>videre</strong></span> <span class='ocrx_word' id='word_1_117' title='bbox 1391 1372 1648 1433; x_wconf 90' lang='lat' dir='ltr'><strong>tantam</strong></span> <span class='ocrx_word' id='word_1_118' title='bbox 1690 1369 1824 1433; x_wconf 87' lang='lat' dir='ltr'><strong>vim</strong></span> <span class='ocrx_word' id='word_1_119' title='bbox 1872 1369 2133 1434; x_wconf 85' lang='lat' dir='ltr'><strong>virtutis</strong></span> <span class='ocrx_word' id='word_1_120' title='bbox 2178 1374 2457 1435; x_wconf 86' lang='lat' dir='ltr'><strong>tantam·</strong></span> 
     </span>
     <span class='ocr_line' id='line_1_18' title="bbox 437 1456 2457 1543; baseline 0 -22"><span class='ocrx_word' id='word_1_121' title='bbox 437 1479 560 1541; x_wconf 91' lang='lat' dir='ltr'><strong>que</strong></span> <span class='ocrx_word' id='word_1_122' title='bbox 571 1508 590 1541; x_wconf 91' lang='lat'><em>‚</em></span> <span class='ocrx_word' id='word_1_123' title='bbox 635 1460 710 1521; x_wconf 92' lang='lat' dir='ltr'><strong>ut</strong></span> <span class='ocrx_word' id='word_1_124' title='bbox 743 1458 839 1521; x_wconf 89' lang='lat' dir='ltr'><strong>ita</strong></span> <span class='ocrx_word' id='word_1_125' title='bbox 874 1456 1110 1541; x_wconf 88' lang='lat' dir='ltr'><strong>dicam,</strong></span> <span class='ocrx_word' id='word_1_126' title='bbox 1158 1457 1612 1521; x_wconf 90' lang='lat' dir='ltr'><strong>auctoritatem</strong></span> <span class='ocrx_word' id='word_1_127' title='bbox 1652 1456 2043 1540; x_wconf 87' lang='grc'>110116616116,</span> <span class='ocrx_word' id='word_1_128' title='bbox 2088 1460 2164 1521; x_wconf 83' lang='grc'><strong>111</strong></span> <span class='ocrx_word' id='word_1_129' title='bbox 2204 1458 2457 1543; x_wconf 91' lang='lat' dir='ltr'><strong>reliqua</strong></span> 
     </span>
     <span class='ocr_line' id='line_1_19' title="bbox 431 1544 2517 1629; baseline 0.001 -20"><span class='ocrx_word' id='word_1_130' title='bbox 431 1567 569 1610; x_wconf 90' lang='lat' dir='ltr'><strong>non</strong></span> <span class='ocrx_word' id='word_1_131' title='bbox 619 1545 738 1609; x_wconf 89' lang='lat' dir='ltr'><strong>illa</strong></span> <span class='ocrx_word' id='word_1_132' title='bbox 791 1545 1048 1629; x_wconf 88' lang='lat' dir='ltr'><strong>quidem</strong></span> <span class='ocrx_word' id='word_1_133' title='bbox 1103 1545 1309 1628; x_wconf 86' lang='lat' dir='ltr'><strong>nulla,</strong></span> <span class='ocrx_word' id='word_1_134' title='bbox 1364 1544 1477 1609; x_wconf 89' lang='lat' dir='ltr'><strong>sed</strong></span> <span class='ocrx_word' id='word_1_135' title='bbox 1528 1546 1625 1609; x_wconf 89' lang='lat' dir='ltr'><strong>ita</strong></span> <span class='ocrx_word' id='word_1_136' title='bbox 1678 1567 1883 1628; x_wconf 86' lang='lat' dir='ltr'><strong>parva</strong></span> <span class='ocrx_word' id='word_1_137' title='bbox 1937 1545 2092 1629; x_wconf 87' lang='lat' dir='ltr'><strong>sint,</strong></span> <span class='ocrx_word' id='word_1_138' title='bbox 2151 1548 2227 1609; x_wconf 89' lang='lat' dir='ltr'><strong>ut</strong></span> <span class='ocrx_word' id='word_1_139' title='bbox 2267 1546 2457 1610; x_wconf 91' lang='lat' dir='ltr'><strong>nulla</strong></span> <span class='ocrx_word' id='word_1_140' title='bbox 2482 1572 2517 1611; x_wconf 84' lang='lat'><strong>15</strong></span> 
     </span>
     <span class='ocr_line' id='line_1_20' title="bbox 437 1632 2457 1717; baseline 0 -20"><span class='ocrx_word' id='word_1_141' title='bbox 437 1656 577 1697; x_wconf 90' lang='lat' dir='ltr'><strong>esse</strong></span> <span class='ocrx_word' id='word_1_142' title='bbox 615 1634 973 1698; x_wconf 85' lang='lat' dir='ltr'><strong>videantur.</strong></span> <span class='ocrx_word' id='word_1_143' title='bbox 1043 1632 1224 1697; x_wconf 90' lang='lat' dir='ltr'><strong>Haec</strong></span> <span class='ocrx_word' id='word_1_144' title='bbox 1259 1635 1359 1696; x_wconf 89' lang='lat' dir='ltr'><strong>est</strong></span> <span class='ocrx_word' id='word_1_145' title='bbox 1392 1653 1511 1697; x_wconf 91' lang='lat' dir='ltr'><strong>nec</strong></span> <span class='ocrx_word' id='word_1_146' title='bbox 1550 1633 1766 1697; x_wconf 90' lang='lat' dir='ltr'><strong>omnia</strong></span> <span class='ocrx_word' id='word_1_147' title='bbox 1802 1633 2164 1716; x_wconf 90' lang='lat' dir='ltr'><strong>spernentis</strong></span> <span class='ocrx_word' id='word_1_148' title='bbox 2198 1638 2457 1717; x_wconf 87' lang='lat' dir='ltr'><strong>praeter</strong></span> 
     </span>
     <span class='ocr_line' id='line_1_21' title="bbox 432 1720 2548 1804; baseline 0 -19"><span class='ocrx_word' id='word_1_149' title='bbox 432 1721 738 1786; x_wconf 78' lang='lat' dir='ltr'><strong>virtutem</strong></span> <span class='ocrx_word' id='word_1_150' title='bbox 776 1724 844 1786; x_wconf 91' lang='lat' dir='ltr'><strong>et</strong></span> <span class='ocrx_word' id='word_1_151' title='bbox 875 1720 1187 1785; x_wconf 84' lang='lat' dir='ltr'><strong>virtutem</strong></span> <span class='ocrx_word' id='word_1_152' title='bbox 1224 1722 1436 1803; x_wconf 85' lang='lat' dir='ltr'><strong>ipsam</strong></span> <span class='ocrx_word' id='word_1_153' title='bbox 1482 1721 1615 1784; x_wconf 83' lang='lat' dir='ltr'><strong>suis</strong></span> <span class='ocrx_word' id='word_1_154' title='bbox 1660 1720 1958 1785; x_wconf 88' lang='lat' dir='ltr'><strong>laudibus</strong></span> <span class='ocrx_word' id='word_1_155' title='bbox 1996 1722 2455 1804; x_wconf 85' lang='lat' dir='ltr'><strong>amplificantis</strong></span> <span class='ocrx_word' id='word_1_156' title='bbox 2547 1800 2548 1803; x_wconf 8' lang='grc' dir='ltr'><strong>Ἴ</strong></span> 
     </span>
     <span class='ocr_line' id='line_1_22' title="bbox 431 1808 2548 1893; baseline 0.001 -20"><span class='ocrx_word' id='word_1_157' title='bbox 431 1810 674 1892; x_wconf 89' lang='grc'>016110,</span> <span class='ocrx_word' id='word_1_158' title='bbox 721 1808 994 1893; x_wconf 90' lang='lat' dir='ltr'><strong>denique</strong></span> <span class='ocrx_word' id='word_1_159' title='bbox 1040 1808 1201 1873; x_wconf 91' lang='lat' dir='ltr'><strong>haec</strong></span> <span class='ocrx_word' id='word_1_160' title='bbox 1238 1812 1338 1871; x_wconf 86' lang='lat' dir='ltr'><strong>est</strong></span> <span class='ocrx_word' id='word_1_161' title='bbox 1370 1808 1651 1892; x_wconf 91' lang='lat' dir='ltr'><strong>undique</strong></span> <span class='ocrx_word' id='word_1_162' title='bbox 1688 1808 2011 1891; x_wconf 86' lang='lat' dir='ltr'><strong>completa</strong></span> <span class='ocrx_word' id='word_1_163' title='bbox 2055 1813 2123 1873; x_wconf 92' lang='lat' dir='ltr'><strong>et</strong></span> <span class='ocrx_word' id='word_1_164' title='bbox 2166 1809 2456 1893; x_wconf 87' lang='lat' dir='ltr'><strong>perfecta</strong></span> <span class='ocrx_word' id='word_1_165' title='bbox 2547 1810 2548 1845; x_wconf 66' lang='lat'><em>³</em></span> 
     </span>
     <span class='ocr_line' id='line_1_23' title="bbox 437 1894 2548 1981; baseline 0 -20"><span class='ocrx_word' id='word_1_166' title='bbox 437 1896 782 1980; x_wconf 77' lang='lat' dir='ltr'><strong>explicatio</strong></span> <span class='ocrx_word' id='word_1_167' title='bbox 823 1897 1054 1961; x_wconf 89' lang='lat' dir='ltr'><strong>summi</strong></span> <span class='ocrx_word' id='word_1_168' title='bbox 1090 1896 1265 1961; x_wconf 90' lang='lat' dir='ltr'><strong>boni.</strong></span> <span class='ocrx_word' id='word_1_169' title='bbox 1329 1894 1505 1960; x_wconf 90' lang='lat' dir='ltr'><strong>Hinc</strong></span> <span class='ocrx_word' id='word_1_170' title='bbox 1542 1897 1742 1961; x_wconf 90' lang='lat' dir='ltr'><strong>ceteri</strong></span> <span class='ocrx_word' id='word_1_171' title='bbox 1776 1896 2132 1979; x_wconf 89' lang='lat' dir='ltr'><strong>particulas</strong></span> <span class='ocrx_word' id='word_1_172' title='bbox 2172 1897 2457 1981; x_wconf 86' lang='lat' dir='ltr'><strong>arripere</strong></span> <span class='ocrx_word' id='word_1_173' title='bbox 2547 1932 2548 1935; x_wconf 35' lang='lat'>¹</span> 
     </span>
     <span class='ocr_line' id='line_1_24' title="bbox 436 1983 2512 2068; baseline 0.001 -19"><span class='ocrx_word' id='word_1_174' title='bbox 436 1984 654 2049; x_wconf 91' lang='lat' dir='ltr'><strong>conati</strong></span> <span class='ocrx_word' id='word_1_175' title='bbox 704 2006 890 2049; x_wconf 91' lang='lat' dir='ltr'><strong>suam</strong></span> <span class='ocrx_word' id='word_1_176' title='bbox 936 1985 1204 2068; x_wconf 85' lang='lat' dir='ltr'><strong>quisque</strong></span> <span class='ocrx_word' id='word_1_177' title='bbox 1257 1983 1461 2048; x_wconf 84' lang='lat' dir='ltr'><strong>videri</strong></span> <span class='ocrx_word' id='word_1_178' title='bbox 1513 1984 1721 2048; x_wconf 84' lang='lat' dir='ltr'><strong>voluit</strong></span> <span class='ocrx_word' id='word_1_179' title='bbox 1776 1985 1999 2049; x_wconf 86' lang='lat' dir='ltr'><strong>afferre</strong></span> <span class='ocrx_word' id='word_1_180' title='bbox 2047 1986 2453 2050; x_wconf 85' lang='lat' dir='ltr'><strong>sententiam.</strong></span> <span class='ocrx_word' id='word_1_181' title='bbox 2476 2011 2512 2051; x_wconf 64' lang='grc' dir='ltr'><strong>ευ</strong></span> 
     </span>
     <span class='ocr_line' id='line_1_25' title="bbox 571 2068 2548 2155; baseline 0.002 -20"><span class='ocrx_word' id='word_1_182' title='bbox 571 2068 777 2154; x_wconf 84' lang='lat' dir='ltr'><strong>Saepe</strong></span> <span class='ocrx_word' id='word_1_183' title='bbox 840 2072 924 2136; x_wconf 93' lang='lat' dir='ltr'><strong>ab</strong></span> <span class='ocrx_word' id='word_1_184' title='bbox 988 2071 1369 2155; x_wconf 87' lang='lat' dir='ltr'><strong>Aristotele,</strong></span> <span class='ocrx_word' id='word_1_185' title='bbox 1441 2094 1479 2135; x_wconf 88' lang='lat' dir='ltr'><strong>a</strong></span> <span class='ocrx_word' id='word_1_186' title='bbox 1548 2071 1995 2155; x_wconf 83' lang='lat' dir='ltr'><strong>Theophrasto</strong></span> <span class='ocrx_word' id='word_1_187' title='bbox 2068 2073 2454 2138; x_wconf 85' lang='lat' dir='ltr'><strong>mirabiliter</strong></span> <span class='ocrx_word' id='word_1_188' title='bbox 2547 2072 2548 2103; x_wconf 71' lang='lat'><em>³</em></span> 
     </span>
     <span class='ocr_line' id='line_1_26' title="bbox 437 2158 2452 2245; baseline 0.001 -22"><span class='ocrx_word' id='word_1_189' title='bbox 437 2162 537 2223; x_wconf 84' lang='lat' dir='ltr'><strong>est</strong></span> <span class='ocrx_word' id='word_1_190' title='bbox 570 2158 835 2223; x_wconf 92' lang='lat' dir='ltr'><strong>laudata</strong></span> <span class='ocrx_word' id='word_1_191' title='bbox 870 2162 987 2243; x_wconf 87' lang='lat' dir='ltr'><strong>per</strong></span> <span class='ocrx_word' id='word_1_192' title='bbox 1023 2181 1089 2223; x_wconf 90' lang='lat' dir='ltr'><strong>se</strong></span> <span class='ocrx_word' id='word_1_193' title='bbox 1125 2160 1272 2242; x_wconf 91' lang='lat' dir='ltr'><strong>ipsa</strong></span> <span class='ocrx_word' id='word_1_194' title='bbox 1306 2181 1524 2223; x_wconf 90' lang='lat' dir='ltr'><strong>rerum</strong></span> <span class='ocrx_word' id='word_1_195' title='bbox 1562 2160 1857 2245; x_wconf 83' lang='lat' dir='ltr'><strong>scientia3</strong></span> <span class='ocrx_word' id='word_1_196' title='bbox 1893 2160 2018 2225; x_wconf 93' lang='lat' dir='ltr'><strong>hoc</strong></span> <span class='ocrx_word' id='word_1_197' title='bbox 2052 2182 2185 2226; x_wconf 89' lang='lat' dir='ltr'><strong>uno</strong></span> <span class='ocrx_word' id='word_1_198' title='bbox 2223 2165 2452 2245; x_wconf 88' lang='lat' dir='ltr'><strong>captus</strong></span> 
     </span>
     <span class='ocr_line' id='line_1_27' title="bbox 433 2246 2454 2314; baseline 0.001 -3"><span class='ocrx_word' id='word_1_199' title='bbox 433 2246 680 2311; x_wconf 88' lang='lat' dir='ltr'><strong>Erillus</strong></span> <span class='ocrx_word' id='word_1_200' title='bbox 738 2247 1078 2313; x_wconf 91' lang='lat' dir='ltr'><strong>scientiam</strong></span> <span class='ocrx_word' id='word_1_201' title='bbox 1134 2269 1456 2311; x_wconf 90' lang='lat' dir='ltr'><strong>summum</strong></span> <span class='ocrx_word' id='word_1_202' title='bbox 1509 2248 1754 2312; x_wconf 90' lang='lat' dir='ltr'><strong>bonum</strong></span> <span class='ocrx_word' id='word_1_203' title='bbox 1808 2270 1947 2313; x_wconf 90' lang='lat' dir='ltr'><strong>esse</strong></span> <span class='ocrx_word' id='word_1_204' title='bbox 2003 2247 2290 2313; x_wconf 85' lang='lat' dir='ltr'><strong>defendit</strong></span> <span class='ocrx_word' id='word_1_205' title='bbox 2335 2271 2454 2314; x_wconf 89' lang='lat' dir='ltr'><strong>nec</strong></span> 
     </span>
     <span class='ocr_line' id='line_1_28' title="bbox 433 2334 2455 2418; baseline 0.002 -19"><span class='ocrx_word' id='word_1_206' title='bbox 433 2357 571 2399; x_wconf 88' lang='lat' dir='ltr'><strong>rem</strong></span> <span class='ocrx_word' id='word_1_207' title='bbox 635 2334 839 2399; x_wconf 88' lang='lat' dir='ltr'><strong>ullam</strong></span> <span class='ocrx_word' id='word_1_208' title='bbox 903 2336 1103 2404; x_wconf 89' lang='lat' dir='ltr'><strong>aliam</strong></span> <span class='ocrx_word' id='word_1_209' title='bbox 1165 2356 1283 2418; x_wconf 92' lang='lat' dir='ltr'><strong>per</strong></span> <span class='ocrx_word' id='word_1_210' title='bbox 1337 2356 1405 2399; x_wconf 90' lang='lat' dir='ltr'><strong>se</strong></span> <span class='ocrx_word' id='word_1_211' title='bbox 1461 2336 1902 2418; x_wconf 85' lang='lat' dir='ltr'><strong>expetendam.</strong></span> <span class='ocrx_word' id='word_1_212' title='bbox 2008 2335 2218 2401; x_wconf 87' lang='lat' dir='ltr'><strong>Multa</strong></span> <span class='ocrx_word' id='word_1_213' title='bbox 2280 2335 2455 2403; x_wconf 84' lang='lat' dir='ltr'><strong>dicta</strong></span> 
     </span>
     <span class='ocr_line' id='line_1_29' title="bbox 435 2422 2516 2508; baseline 0.001 -21"><span class='ocrx_word' id='word_1_214' title='bbox 435 2426 588 2487; x_wconf 90' lang='lat' dir='ltr'><strong>sunt</strong></span> <span class='ocrx_word' id='word_1_215' title='bbox 659 2423 741 2487; x_wconf 90' lang='lat' dir='ltr'><strong>ab</strong></span> <span class='ocrx_word' id='word_1_216' title='bbox 816 2422 1100 2507; x_wconf 89' lang='lat' dir='ltr'><strong>antiquis</strong></span> <span class='ocrx_word' id='word_1_217' title='bbox 1177 2423 1255 2487; x_wconf 92' lang='lat' dir='ltr'><strong>de</strong></span> <span class='ocrx_word' id='word_1_218' title='bbox 1329 2424 1807 2487; x_wconf 88' lang='lat' dir='ltr'><strong>contemnendis</strong></span> <span class='ocrx_word' id='word_1_219' title='bbox 1881 2445 1956 2489; x_wconf 91' lang='lat' dir='ltr'><strong>ac</strong></span> <span class='ocrx_word' id='word_1_220' title='bbox 2027 2424 2453 2508; x_wconf 89' lang='lat' dir='ltr'><strong>despiciendis</strong></span> <span class='ocrx_word' id='word_1_221' title='bbox 2478 2451 2516 2491; x_wconf 80' lang='lat'><strong>25</strong></span> 
     </span>
     <span class='ocr_line' id='line_1_30' title="bbox 433 2510 2449 2595; baseline 0.001 -20"><span class='ocrx_word' id='word_1_222' title='bbox 433 2512 626 2576; x_wconf 89' lang='lat' dir='ltr'><strong>rebus</strong></span> <span class='ocrx_word' id='word_1_223' title='bbox 664 2510 995 2594; x_wconf 82' lang='lat' dir='ltr'><strong>humanis3</strong></span> <span class='ocrx_word' id='word_1_224' title='bbox 1038 2510 1162 2575; x_wconf 93' lang='grc'>1106</span> <span class='ocrx_word' id='word_1_225' title='bbox 1197 2532 1398 2575; x_wconf 88' lang='lat' dir='ltr'><strong>unum</strong></span> <span class='ocrx_word' id='word_1_226' title='bbox 1432 2512 1659 2577; x_wconf 74' lang='lat' dir='ltr'><strong>Aristo</strong></span> <span class='ocrx_word' id='word_1_227' title='bbox 1705 2511 1942 2576; x_wconf 89' lang='lat' dir='ltr'><strong>tenuit:</strong></span> <span class='ocrx_word' id='word_1_228' title='bbox 1986 2514 2248 2595; x_wconf 89' lang='lat' dir='ltr'><strong>praeter</strong></span> <span class='ocrx_word' id='word_1_229' title='bbox 2288 2513 2449 2578; x_wconf 85' lang='lat' dir='ltr'><strong>vitia</strong></span> 
     </span>
     <span class='ocr_line' id='line_1_31' title="bbox 432 2599 2453 2701; baseline 0.001 -38"><span class='ocrx_word' id='word_1_230' title='bbox 432 2601 629 2683; x_wconf 90' lang='lat' dir='ltr'><strong>atque</strong></span> <span class='ocrx_word' id='word_1_231' title='bbox 673 2599 948 2663; x_wconf 81' lang='lat' dir='ltr'><strong>virtutes</strong></span> <span class='ocrx_word' id='word_1_232' title='bbox 993 2600 1261 2683; x_wconf 85' lang='lat' dir='ltr'><strong>negavit</strong></span> <span class='ocrx_word' id='word_1_233' title='bbox 1302 2621 1442 2664; x_wconf 89' lang='lat' dir='ltr'><strong>rem</strong></span> <span class='ocrx_word' id='word_1_234' title='bbox 1490 2621 1629 2665; x_wconf 87' lang='lat' dir='ltr'><strong>esse</strong></span> <span class='ocrx_word' id='word_1_235' title='bbox 1674 2599 1875 2664; x_wconf 88' lang='lat' dir='ltr'><strong>ullam</strong></span> <span class='ocrx_word' id='word_1_236' title='bbox 1922 2604 2035 2664; x_wconf 89' lang='lat' dir='ltr'><strong>aut</strong></span> <span class='ocrx_word' id='word_1_237' title='bbox 2052 2599 2453 2701; x_wconf 73' lang='lat' dir='ltr'><strong>fugiendam</strong></span> 
     </span>
     <span class='ocr_line' id='line_1_32' title="bbox 431 2686 2451 2770; baseline 0.001 -20"><span class='ocrx_word' id='word_1_238' title='bbox 431 2689 549 2751; x_wconf 91' lang='lat' dir='ltr'><strong>aut</strong></span> <span class='ocrx_word' id='word_1_239' title='bbox 604 2688 1044 2770; x_wconf 85' lang='lat' dir='ltr'><strong>expetendam.</strong></span> <span class='ocrx_word' id='word_1_240' title='bbox 1143 2686 1440 2751; x_wconf 89' lang='lat' dir='ltr'><strong>Positum</strong></span> <span class='ocrx_word' id='word_1_241' title='bbox 1495 2690 1596 2751; x_wconf 91' lang='lat' dir='ltr'><strong>est</strong></span> <span class='ocrx_word' id='word_1_242' title='bbox 1651 2709 1690 2752; x_wconf 89' lang='lat' dir='ltr'><strong>a</strong></span> <span class='ocrx_word' id='word_1_243' title='bbox 1741 2688 1984 2753; x_wconf 90' lang='lat' dir='ltr'><strong>nostris</strong></span> <span class='ocrx_word' id='word_1_244' title='bbox 2046 2688 2117 2752; x_wconf 90' lang='lat' dir='ltr'><strong>in</strong></span> <span class='ocrx_word' id='word_1_245' title='bbox 2170 2689 2253 2753; x_wconf 88' lang='lat' dir='ltr'><strong>iis</strong></span> <span class='ocrx_word' id='word_1_246' title='bbox 2311 2710 2451 2754; x_wconf 88' lang='lat' dir='ltr'><strong>esse</strong></span> 
     </span>
     <span class='ocr_line' id='line_1_33' title="bbox 433 2775 2449 2860; baseline 0.001 -22"><span class='ocrx_word' id='word_1_247' title='bbox 433 2775 654 2858; x_wconf 79' lang='lat' dir='ltr'><strong>rebuS,</strong></span> <span class='ocrx_word' id='word_1_248' title='bbox 709 2797 873 2859; x_wconf 91' lang='lat' dir='ltr'><strong>quae</strong></span> <span class='ocrx_word' id='word_1_249' title='bbox 929 2777 1277 2841; x_wconf 87' lang='lat' dir='ltr'><strong>secundum</strong></span> <span class='ocrx_word' id='word_1_250' title='bbox 1340 2779 1639 2840; x_wconf 89' lang='lat' dir='ltr'><strong>naturam</strong></span> <span class='ocrx_word' id='word_1_251' title='bbox 1703 2779 1945 2857; x_wconf 86' lang='lat' dir='ltr'><strong>essent,</strong></span> <span class='ocrx_word' id='word_1_252' title='bbox 2007 2798 2139 2840; x_wconf 93' lang='lat' dir='ltr'><strong>non</strong></span> <span class='ocrx_word' id='word_1_253' title='bbox 2202 2776 2449 2860; x_wconf 83' lang='lat' dir='ltr'><strong>dolere3</strong></span> 
     </span>
     <span class='ocr_line' id='line_1_34' title="bbox 431 2826 2516 2947; baseline 0.002 -21"><span class='ocrx_word' id='word_1_254' title='bbox 431 2861 558 2927; x_wconf 89' lang='lat' dir='ltr'><strong>hoc</strong></span> <span class='ocrx_word' id='word_1_255' title='bbox 594 2862 1030 2947; x_wconf 82' lang='lat' dir='ltr'><strong>Hieronymus</strong></span> <span class='ocrx_word' id='word_1_256' title='bbox 1077 2886 1400 2927; x_wconf 89' lang='lat' dir='ltr'><strong>summum</strong></span> <span class='ocrx_word' id='word_1_257' title='bbox 1444 2863 1689 2929; x_wconf 90' lang='lat' dir='ltr'><strong>bonum</strong></span> <span class='ocrx_word' id='word_1_258' title='bbox 1722 2884 1862 2929; x_wconf 87' lang='lat' dir='ltr'><strong>esse</strong></span> <span class='ocrx_word' id='word_1_259' title='bbox 1906 2826 2089 2929; x_wconf 87' lang='lat' dir='ltr'><strong>dixit.</strong></span> <span class='ocrx_word' id='word_1_260' title='bbox 2156 2862 2252 2927; x_wconf 88' lang='lat' dir='ltr'><strong>At</strong></span> <span class='ocrx_word' id='word_1_261' title='bbox 2294 2886 2449 2929; x_wconf 81' lang='lat' dir='ltr'><strong>vero</strong></span> <span class='ocrx_word' id='word_1_262' title='bbox 2475 2892 2516 2930; x_wconf 78' lang='lat' dir='ltr'><strong>so</strong></span> 
     </span>
     <span class='ocr_line' id='line_1_35' title="bbox 433 2948 2450 3036; baseline 0.002 -23"><span class='ocrx_word' id='word_1_263' title='bbox 433 2948 734 3033; x_wconf 82' lang='lat' dir='ltr'><strong>Callipho</strong></span> <span class='ocrx_word' id='word_1_264' title='bbox 781 2953 848 3014; x_wconf 90' lang='lat' dir='ltr'><strong>et</strong></span> <span class='ocrx_word' id='word_1_265' title='bbox 889 2954 1042 3034; x_wconf 89' lang='lat' dir='ltr'><strong>post</strong></span> <span class='ocrx_word' id='word_1_266' title='bbox 1078 2972 1225 3017; x_wconf 92' lang='lat' dir='ltr'><strong>eum</strong></span> <span class='ocrx_word' id='word_1_267' title='bbox 1260 2950 1615 3034; x_wconf 87' lang='lat' dir='ltr'><strong>Diodorus,</strong></span> <span class='ocrx_word' id='word_1_268' title='bbox 1660 2974 1805 3017; x_wconf 90' lang='lat' dir='ltr'><strong>cum</strong></span> <span class='ocrx_word' id='word_1_269' title='bbox 1844 2952 2011 3017; x_wconf 88' lang='lat' dir='ltr'><strong>alter</strong></span> <span class='ocrx_word' id='word_1_270' title='bbox 2043 2951 2450 3036; x_wconf 81' lang='lat' dir='ltr'><strong>voluptatem</strong></span> 
     </span>
     <span class='ocr_line' id='line_1_36' title="bbox 435 3038 2450 3123; baseline 0.001 -22"><span class='ocrx_word' id='word_1_271' title='bbox 435 3038 829 3120; x_wconf 87' lang='lat' dir='ltr'><strong>adamasset,</strong></span> <span class='ocrx_word' id='word_1_272' title='bbox 877 3039 1043 3102; x_wconf 90' lang='lat' dir='ltr'><strong>alter</strong></span> <span class='ocrx_word' id='word_1_273' title='bbox 1085 3038 1481 3104; x_wconf 81' lang='lat' dir='ltr'><strong>vacuitatem</strong></span> <span class='ocrx_word' id='word_1_274' title='bbox 1526 3038 1797 3123; x_wconf 79' lang='lat' dir='ltr'><strong>doloriS,</strong></span> <span class='ocrx_word' id='word_1_275' title='bbox 1840 3043 2068 3104; x_wconf 90' lang='lat' dir='ltr'><strong>neuter</strong></span> <span class='ocrx_word' id='word_1_276' title='bbox 2110 3039 2450 3104; x_wconf 88' lang='lat' dir='ltr'><strong>honestate</strong></span> 
     </span>
     <span class='ocr_line' id='line_1_37' title="bbox 434 3087 2448 3227; baseline 0.001 -37"><span class='ocrx_word' id='word_1_277' title='bbox 434 3147 650 3190; x_wconf 89' lang='lat' dir='ltr'><strong>carere</strong></span> <span class='ocrx_word' id='word_1_278' title='bbox 713 3087 956 3207; x_wconf 76' lang='lat' dir='ltr'><strong>potuit,</strong></span> <span class='ocrx_word' id='word_1_279' title='bbox 1029 3143 1191 3227; x_wconf 82' lang='lat' dir='ltr'><strong>quae</strong></span> <span class='ocrx_word' id='word_1_280' title='bbox 1257 3130 1359 3191; x_wconf 91' lang='lat' dir='ltr'><strong>est</strong></span> <span class='ocrx_word' id='word_1_281' title='bbox 1422 3148 1461 3191; x_wconf 89' lang='lat' dir='ltr'><strong>a</strong></span> <span class='ocrx_word' id='word_1_282' title='bbox 1518 3128 1764 3193; x_wconf 89' lang='lat' dir='ltr'><strong>nostris</strong></span> <span class='ocrx_word' id='word_1_283' title='bbox 1827 3127 2091 3192; x_wconf 87' lang='lat' dir='ltr'><strong>laudata</strong></span> <span class='ocrx_word' id='word_1_284' title='bbox 2152 3128 2448 3191; x_wconf 89' lang='lat' dir='ltr'><strong>maxime.</strong></span> 
     </span>
    </p>
   </div>
   <div class='ocr_carea' id='block_1_5' title="bbox 331 3211 2449 3299">
    <p class='ocr_par' dir='ltr' id='par_1_5' title="bbox 331 3211 2449 3299">
     <span class='ocr_line' id='line_1_38' title="bbox 331 3211 2449 3299; baseline -0.002 -17"><span class='ocrx_word' id='word_1_285' title='bbox 331 3234 397 3282; x_wconf 75' lang='lat'><strong>74</strong></span> <span class='ocrx_word' id='word_1_286' title='bbox 436 3212 604 3287; x_wconf 83' lang='lat' dir='ltr'><strong>Quin</strong></span> <span class='ocrx_word' id='word_1_287' title='bbox 668 3211 866 3275; x_wconf 91' lang='lat' dir='ltr'><strong>etiam</strong></span> <span class='ocrx_word' id='word_1_288' title='bbox 937 3213 1067 3295; x_wconf 84' lang='lat' dir='ltr'><strong>ipsi</strong></span> <span class='ocrx_word' id='word_1_289' title='bbox 1128 3214 1481 3297; x_wconf 84' lang='lat' dir='ltr'><strong>voluptarii</strong></span> <span class='ocrx_word' id='word_1_290' title='bbox 1552 3214 1943 3280; x_wconf 85' lang='lat' dir='ltr'><strong>deverticula</strong></span> <span class='ocrx_word' id='word_1_291' title='bbox 2004 3218 2320 3299; x_wconf 85' lang='lat' dir='ltr'><strong>quaerunt</strong></span> <span class='ocrx_word' id='word_1_292' title='bbox 2384 3218 2449 3279; x_wconf 91' lang='lat' dir='ltr'><strong>et</strong></span> 
     </span>
    </p>
   </div>
   <div class='ocr_carea' id='block_1_6' title="bbox 431 3298 2513 3563">
    <p class='ocr_par' dir='ltr' id='par_1_6' title="bbox 431 3298 2513 3563">
     <span class='ocr_line' id='line_1_39' title="bbox 433 3298 2513 3387; baseline 0.002 -25"><span class='ocrx_word' id='word_1_293' title='bbox 433 3300 708 3362; x_wconf 83' lang='lat' dir='ltr'><strong>virtutes</strong></span> <span class='ocrx_word' id='word_1_294' title='bbox 753 3298 999 3363; x_wconf 90' lang='lat' dir='ltr'><strong>habent</strong></span> <span class='ocrx_word' id='word_1_295' title='bbox 1042 3300 1113 3365; x_wconf 95' lang='lat' dir='ltr'><strong>in</strong></span> <span class='ocrx_word' id='word_1_296' title='bbox 1151 3323 1260 3365; x_wconf 92' lang='lat' dir='ltr'><strong>ore</strong></span> <span class='ocrx_word' id='word_1_297' title='bbox 1305 3306 1482 3367; x_wconf 91' lang='lat' dir='ltr'><strong>totos</strong></span> <span class='ocrx_word' id='word_1_298' title='bbox 1535 3302 1669 3367; x_wconf 88' lang='lat' dir='ltr'><strong>dies</strong></span> <span class='ocrx_word' id='word_1_299' title='bbox 1707 3304 2232 3387; x_wconf 85' lang='lat' dir='ltr'><strong>voluptatemque</strong></span> <span class='ocrx_word' id='word_1_300' title='bbox 2269 3304 2445 3367; x_wconf 89' lang='lat' dir='ltr'><strong>dum·</strong></span> <span class='ocrx_word' id='word_1_301' title='bbox 2470 3327 2513 3369; x_wconf 77' lang='lat'><strong>3⁵</strong></span> 
     </span>
     <span class='ocr_line' id='line_1_40' title="bbox 431 3386 2445 3474; baseline 0.002 -27"><span class='ocrx_word' id='word_1_302' title='bbox 431 3388 616 3448; x_wconf 87' lang='lat' dir='ltr'><strong>taxat</strong></span> <span class='ocrx_word' id='word_1_303' title='bbox 659 3386 868 3467; x_wconf 91' lang='lat' dir='ltr'><strong>primo</strong></span> <span class='ocrx_word' id='word_1_304' title='bbox 915 3388 1129 3470; x_wconf 89' lang='lat' dir='ltr'><strong>expeti</strong></span> <span class='ocrx_word' id='word_1_305' title='bbox 1175 3388 1421 3472; x_wconf 87' lang='lat' dir='ltr'><strong>dicunt,</strong></span> <span class='ocrx_word' id='word_1_306' title='bbox 1479 3389 1705 3455; x_wconf 91' lang='lat' dir='ltr'><strong>deinde</strong></span> <span class='ocrx_word' id='word_1_307' title='bbox 1753 3390 2215 3455; x_wconf 89' lang='lat' dir='ltr'><strong>consuetudine</strong></span> <span class='ocrx_word' id='word_1_308' title='bbox 2262 3390 2445 3474; x_wconf 89' lang='lat' dir='ltr'><strong>quasi</strong></span> 
     </span>
     <span class='ocr_line' id='line_1_41' title="bbox 433 3471 2447 3563; baseline 0.003 -28"><span class='ocrx_word' id='word_1_309' title='bbox 433 3471 707 3536; x_wconf 88' lang='lat' dir='ltr'><strong>alteram</strong></span> <span class='ocrx_word' id='word_1_310' title='bbox 765 3475 1090 3558; x_wconf 91' lang='lat' dir='ltr'><strong>quandam</strong></span> <span class='ocrx_word' id='word_1_311' title='bbox 1132 3478 1435 3539; x_wconf 87' lang='lat' dir='ltr'><strong>naturam</strong></span> <span class='ocrx_word' id='word_1_312' title='bbox 1500 3476 1693 3557; x_wconf 85' lang='lat' dir='ltr'><strong>effici,</strong></span> <span class='ocrx_word' id='word_1_313' title='bbox 1754 3500 1881 3563; x_wconf 90' lang='lat' dir='ltr'><strong>qua</strong></span> <span class='ocrx_word' id='word_1_314' title='bbox 1932 3478 2197 3562; x_wconf 91' lang='lat' dir='ltr'><strong>impulsi</strong></span> <span class='ocrx_word' id='word_1_315' title='bbox 2242 3478 2447 3543; x_wconf 88' lang='lat' dir='ltr'><strong>multa</strong></span> 
     </span>
    </p>
   </div>
   <div class='ocr_carea' id='block_1_7' title="bbox 2541 20 2555 1799">
    <p class='ocr_par' dir='ltr' id='par_1_7' title="bbox 2541 20 2555 1799">
     <span class='ocr_line' id='line_1_42' title="bbox 2541 20 2555 1799; baseline 0 0"><span class='ocrx_word' id='word_1_316' title='bbox 2541 20 2555 1799; x_wconf 95' lang='lat' dir='ltr'><strong> </strong></span> 
     </span>
    </p>
   </div>
  </div>
 </body>
</html>
