2609 3884
395 156 528 223 454
785 154 1382 211 TUSCULANARUM
1417 152 2021 209 DISPUTATIONUM

395 317 781 383 tractatione
817 316 1022 381 libere
1061 314 1270 380 dicere
1306 313 1616 379 auderent
1651 312 1960 396 sapientis
1992 334 2143 378 esse
2174 334 2465 399 semper

396 406 836 488 beatissimos,
893 404 962 469 id
1019 403 1216 469 velim
1274 402 1519 484 audire,
1586 422 1777 486 quem
1837 401 1919 465 ad
1982 401 2279 467 modum
2344 403 2459 467 his

396 497 584 579 putes
631 495 1128 559 consentaneum
1175 511 1317 557 esse
1361 490 1430 555 id
1472 490 1702 555 dicere.
1786 488 1998 553 Multa
2042 490 2243 555 enim
2296 513 2342 555 a
2388 496 2462 556 te
2541 486 2542 503 ¹

399 585 624 649 contra
650 582 846 647 istam
875 579 1262 646 sententiam
1293 578 1465 643 dicta
1494 580 1645 643 sunt
1672 580 1739 641 et
1766 574 2142 643 Stoicorum
2170 579 2459 644 ratione

397 671 718 736 conclusa.
2481 694 2500 732 ε

291 770 359 819 83
529 758 626 824 M.
668 756 952 823 Utamur
984 756 1186 841 igitur
1221 756 1543 838 libertate,
1578 776 1706 839 qua
1740 754 1931 819 nobis
1970 752 2139 817 solis
2180 753 2265 819 in
2307 755 2457 839 phi·

395 845 694 930 losophia
745 845 901 911 licet
953 844 1077 927 uti,
1134 864 1407 929 quorum
1460 843 1667 909 oratio
1720 841 1883 907 nihil
1944 841 2094 925 ipsa
2163 841 2453 927 iudicat,

397 934 510 1000 sed
563 934 842 999 habetur
893 932 964 997 in
1016 931 1226 998 omnis
1279 931 1511 1015 partis,
1564 934 1640 995 ut
1683 930 1765 994 ab
1812 929 1957 993 aliis
2012 930 2249 1011 possit
2300 932 2453 1015 ipsa

395 1044 514 1106 per
578 1042 718 1087 sese
787 1020 1035 1085 nullius
1098 1018 1483 1085 auctoritate
1554 1016 1857 1082 adiuncta
1916 1016 2225 1084 iudicari.
2362 1018 2451 1084 Et

395 1110 701 1193 quoniam
766 1106 1005 1172 videris
1067 1107 1196 1172 hoc
1256 1108 1445 1190 velle,
1508 1108 1609 1189 ut,
1667 1124 2107 1190 quaecumque
2180 1106 2449 1172 dissen-
2473 1133 2507 1171 ιο

395 1197 695 1260 tientium
732 1194 1270 1278 philosophorum
1301 1193 1623 1260 sententia
1661 1194 1749 1258 sit
1784 1192 1861 1259 de
1895 1193 2166 1276 finibus,
2204 1198 2447 1268 tamen

394 1283 598 1349 virtus
647 1283 804 1348 satis
857 1282 1101 1348 habeat
1145 1282 1228 1348 ad
1284 1283 1489 1347 vitam
1541 1282 1800 1346 beatam
1852 1280 2203 1367 praesidii,
2266 1285 2446 1369 quod

396 1370 655 1457 quidem
701 1370 1098 1437 Carneadem
1149 1370 1483 1454 disputare
1528 1369 1796 1435 solitum
1830 1368 2265 1455 ⁴accepimus3
2334 1373 2444 1437 sed

395 1461 481 1538 is,
521 1462 609 1525 nt
661 1463 888 1525 contra
942 1457 1193 1525 Stoicos
1202 1508 1221 1542 ,
1274 1481 1437 1544 quos
1494 1456 1962 1523 studiosissime
2014 1478 2296 1543 semper
2347 1483 2443 1525 re·

395 1548 686 1632 tenebat,
745 1550 810 1612 et
853 1551 1080 1613 contra
1124 1568 1397 1631 quorum
1442 1546 1848 1630 disciplinam
1892 1546 2245 1631 ingenium
2298 1549 2441 1613 eius
2464 1572 2499 1611 ιε

397 1639 748 1719 exarserat,
809 1656 930 1700 nos
995 1634 1250 1720 quidem
1312 1634 1477 1699 illud
1540 1656 1685 1699 cum
1746 1655 1903 1718 pace
1968 1653 2270 1719 agemus.
2374 1637 2439 1702 Si

397 1724 568 1789 enim
623 1722 823 1788 Stoici
874 1723 1023 1788 finis
1077 1723 1395 1788 bonorum
1437 1725 1613 1787 recte
1655 1722 2059 1805 posiverunt,
2119 1723 2438 1790 confecta

395 1832 499 1875 res
553 1814 679 1876 est:
733 1831 991 1876 necesse
1047 1813 1147 1875 est
1200 1831 1451 1893 semper
1513 1810 1776 1875 beatum
1828 1830 1969 1874 esse
2032 1811 2433 1893 sapientem.

295 1910 360 1962 34
397 1896 522 1965 Sed
561 1919 946 1983 quaeramus
980 1919 1174 1962 unam
1210 1919 1529 1982 quamque
1565 1897 1963 1982 reliquorum
2000 1900 2428 1980 sententiam,

397 1987 454 2053 si
515 1987 660 2053 fieri
722 1988 965 2069 potest,
1027 1989 1102 2050 ut
1162 1985 1288 2051 hoc
1350 1985 1753 2070 praeclarum
1827 1985 2012 2069 quasi
2084 1985 2427 2053 decretum
2450 2012 2488 2051 zo

393 2076 622 2141 beatae
673 2075 845 2139 vitae
899 2074 1110 2158 possit
1173 2073 1461 2139 omnium
1526 2073 1862 2139 sententiis
1922 2075 1989 2137 et
2050 2072 2425 2158 disciplinis

397 2181 752 2226 convemre.

290 2246 377 2310 30
529 2245 694 2312 Sunt
747 2250 964 2313 autem
1017 2248 1177 2313 haec
1221 2247 1299 2314 de
1348 2248 1612 2332 finibus,
1670 2252 1748 2313 ut
1806 2249 2063 2332 opinor,
2122 2253 2423 2317 retentae

394 2334 818 2421 defensaeque
890 2336 1276 2401 sententiae:
1347 2338 1628 2419 primum
1696 2336 2023 2420 simplices
2087 2342 2421 2423 quattuor,

392 2423 562 2490 nihil
625 2424 867 2489 bonum
929 2423 1058 2488 nisi
1111 2424 1479 2508 honestum,
1530 2428 1607 2489 ut
1658 2422 1889 2508 Stoici,
1942 2424 2110 2489 nihil
2167 2426 2419 2492 bonum
2442 2452 2485 2491 εὖ

392 2513 522 2578 nisi
564 2512 994 2595 voluptatem,
1037 2514 1114 2577 ut
1147 2511 1495 2595 Epicurus,
1538 2512 1703 2577 nihil
1748 2512 1990 2577 bonum
2034 2511 2162 2578 nisi
2200 2517 2420 2580 vacui-

391 2604 597 2667 tatem
650 2601 905 2684 dolori3‚
963 2602 1042 2665 ut
1090 2597 1557 2685 Hieronymus,
1608 2600 1773 2663 nihil
1825 2600 2069 2665 bonum
2123 2600 2262 2667 nisi
2304 2626 2417 2668 na—

391 2692 576 2753 turae
620 2688 851 2772 primis
897 2686 1086 2752 bonis
1135 2688 1249 2751 aut
1282 2687 1583 2752 omnibus
1630 2691 1743 2753 aut
1784 2689 2100 2753 maxumis
2145 2688 2300 2774 frui,
2346 2694 2419 2755 ut

394 2774 752 2841 Carneades
792 2779 1017 2842 contra
1052 2772 1302 2840 Stoicos
1351 2774 1721 2841 disserebat.
1791 2774 1971 2841 Haec
2010 2776 2215 2861 igitur
2262 2778 2415 2843 sim-

288 2882 356 2933 85
393 2862 610 2947 plicia,
645 2864 765 2927 illa
798 2864 1029 2928 mixta:
1064 2862 1193 2927 tria
1226 2882 1466 2948 genera
1491 2862 1825 2946 bonorum,
1862 2884 2166 2929 maxuma
2192 2866 2415 2950 animi,
2440 2892 2483 2932 ao

393 2951 672 3017 secunda
726 2950 1038 3034 corporis,
1092 2952 1357 3015 externa
1406 2951 1633 3034 tertia,
1689 2954 1765 3015 ut
1815 2950 2237 3035 Peripatetici
2292 2974 2415 3019 nec

391 3038 596 3104 multo
652 3040 899 3103 veteres
952 3037 1327 3103 Academici
1382 3060 1593 3122 secus3
1646 3039 2045 3122 voluptatem
2100 3061 2248 3105 cum
2297 3041 2412 3107 ho-

389 3129 644 3192 nestate
678 3123 1124 3189 Dinomachus
1161 3130 1227 3191 et
1263 3122 1563 3211 Callipho
1598 3124 1947 3211 copulavit,
1982 3126 2409 3193 indolentiam

393 3217 612 3279 autem
647 3212 975 3277 honestati
1008 3212 1480 3296 Peripateticus
1515 3214 1839 3279 Diodorus
1879 3214 2191 3280 adiunxit.
2266 3216 2409 3281 Hae

393 3305 544 3366 sunt
578 3300 964 3383 sententiae,
1000 3321 1162 3383 quae
1199 3300 1575 3367 stabilitatis
1614 3302 1857 3386 aliquid
1896 3302 2211 3387 habeant;
2254 3324 2411 3369 nam
2436 3330 2479 3369 35

389 3385 748 3470 Aristonis,
793 3385 1179 3469 Pyrrhonis,
1223 3384 1417 3461 Erilli
1460 3411 1594 3453 non
1638 3390 2088 3474 nullorumque
2134 3390 2412 3457 aliorum

387 3476 807 3540 evanuerunt.
869 3472 959 3537 Hi
985 3470 1136 3555 quid
1164 3472 1419 3555 possint
1447 3476 1755 3562 obtinere,
1784 3476 2117 3543 videamus
2147 3478 2411 3545 omissis

83 3761 376 3825 Δ-ι
