2609 3884
670 200 807 255 LIB.
843 201 941 256 IV.
997 200 1152 256 GAP.
1188 207 1436 257 34—36.
1493 206 1524 268 9
1564 206 1808 256 72-77.
2115 199 2246 263 421

226 363 298 428 in
342 383 563 428 amore
607 361 801 427 foeda
844 383 962 446 per
1007 384 1077 427 se
1126 364 1240 428 est.
1329 359 1501 427 Nam
1545 365 1622 427 ut
1664 362 1781 426 illa
1828 364 2249 446 praeteream,
2286 371 2354 422 76

228 472 393 534 quae
448 452 600 515 sunt
650 448 921 533 furoriS,
974 450 1135 516 haec
1188 451 1332 534 ipsa
1383 472 1501 534 per
1557 471 1697 516 sese
1757 472 1952 535 quam
2004 450 2250 516 habent

226 539 589 623 levitatem,
634 559 798 622 quae
842 538 1143 603 videntur
1188 559 1328 603 esse
1374 538 1752 623 mediocria,

1394 651 1767 737 Iniuriae,

41 753 43 758 '
176 765 201 806 5
318 737 851 824 Suspiciones,
894 737 1390 823 inimicitiae,
1433 740 1809 825 indutiae,

316 827 647 913 Bellum,
692 850 838 911 pax
881 829 1213 892 rursum!
1283 826 1596 893 Incerta
1646 829 1837 894 haec
1884 829 2076 893 situ
2121 830 2252 913 p6-

315 1003 649 1068 Ratione
696 1007 913 1068 certa
956 1004 1240 1087 facere,
1284 1004 1538 1069 nihilo
1584 1004 1759 1089 plus
1808 917 2071 1090 nagges

316 1090 553 1166 Quam
589 1088 664 1156 εἰ
695 1091 826 1157 des
862 1113 1197 1176 operam,
1233 1095 1318 1156 ut
1346 1097 1510 1156 cum
1537 1093 1843 1158 ratione
1879 1091 2252 1157 insanias.

224 1215 410 1280 Haec
435 1214 875 1280 inconstantia
903 1214 1439 1299 mutabilitasque
1467 1213 1702 1280 mentis
1732 1235 1921 1299 quem
1947 1237 2081 1281 non
2106 1216 2254 1300 ipsa

151 1331 201 1370 ιο
226 1303 551 1388 pravitate
608 1301 975 1368 deterreat?
1065 1301 1191 1368 Est
1245 1303 1445 1368 etiam
1502 1303 1688 1386 illud,
1742 1303 1916 1386 quod
1962 1303 2033 1367 in
2077 1304 2253 1368 omni

226 1389 725 1476 perturbatione·
784 1390 1045 1474 dicitur,
1122 1389 1722 1473 demonstrandum,
1791 1390 2041 1454 nullam
2113 1411 2254 1455 esse

224 1480 360 1544 nisi
413 1477 837 1564 opinabilem,
890 1478 1021 1543 nisi
1077 1477 1317 1543 iudicio
1383 1481 1775 1562 susceptam,
1834 1477 1967 1543 nisi
2024 1477 2252 1542 volun-

225 1567 481 1632 tariam.
577 1564 843 1631 Etenim
900 1566 956 1630 si
999 1567 1316 1631 naturalis
1362 1588 1546 1632 amor
1590 1568 1786 1648 esset,
1841 1568 1908 1630 et
1960 1569 2255 1631 amarent

228 1676 452 1721 omnes
521 1657 587 1718 et
650 1675 903 1738 semper
957 1657 1249 1719 amarent
1315 1657 1382 1719 et
1432 1654 1604 1719 idem
1663 1657 1982 1737 amarent,
2043 1675 2252 1738 neque

149 1768 199 1809 15
226 1743 431 1808 alium
465 1741 691 1828 pudor,
728 1742 933 1806 alium
967 1743 1302 1828 cogitatio,
1340 1742 1542 1808 alium
1577 1741 1845 1807 satietas
1884 1741 2252 1807 deterreret.

358 1829 468 1895 Ira
511 1850 694 1913 vei-0,
741 1851 904 1914 quae
950 1851 1145 1914 quam
1190 1830 1299 1895 diu
1334 1831 1676 1915 perturbat
1712 1831 2026 1915 animum,
2071 1830 2250 1895 dubi·
2271 1815 2355 1880 36

225 1919 545 1984 tationem
598 1918 893 1983 insaniae
955 1939 1090 1983 non
1152 1918 1385 2002 habet,
1453 1917 1635 1984 cuius
1706 1917 1970 2003 inpulsu
2031 1919 2254 1983 existit
2289 1893 2356 1942 ’Π

225 2007 427 2072 etiam
471 2006 641 2071 inter
683 2005 920 2072 fratres
965 2007 1099 2071 tale
1143 2007 1461 2092 iurgium:

314 2131 399 2196 A.
455 2127 637 2207 Quis
664 2130 889 2195 homo
926 2133 1001 2195 te
1030 2130 1531 2214 exsuperavit
1555 2150 1870 2214 usquam
1907 2130 2252 2214 gentium

1568 2218 2074 2303 inpudentia?

147 2333 199 2373 20
314 2313 407 2372 M.
453 2305 637 2384 Quis
684 2310 937 2371 autem
982 2306 1293 2371 malitia
1338 2306 1460 2372 te?

224 2431 429 2510 nosti,
485 2450 650 2515 quae
705 2432 1088 2514 sequuntur3
1144 2429 1416 2494 alternis
1471 2428 1644 2494 enim
1696 2428 1990 2494 versibus
2050 2428 2254 2493 intor-

227 2522 508 2606 quentur
540 2518 713 2583 inter
746 2518 982 2583 fratres
1020 2516 1448 2603 gravissimae
1475 2517 1920 2594 contumeliae,
1955 2518 2033 2580 ut
2061 2515 2254 2580 facile

227 2609 541 2693 appareat
583 2605 770 2670 Atrei
814 2605 986 2671 filios
1034 2625 1199 2689 esse,
1246 2605 1384 2669 eius
1431 2605 1540 2689 qui
1585 2603 1936 2668 meditatur
1976 2624 2253 2689 poenam

224 2697 297 2762 in
341 2695 613 2760 fratrem
658 2715 928 2758 novam:

145 2834 197 2875 25
315 2808 564 2875 Mai6r
590 2808 781 2874 mihi
807 2808 1072 2891 moles,
1099 2807 1345 2872 maius
1373 2802 1922 2870 miscendumst
1947 2807 2254 2890 malum,

318 2897 460 2974 Qui
521 2894 745 2962 illius
809 2896 1167 2962 acerbum
1232 2895 1360 2960 c6r
1423 2892 1886 2996 contundam
1942 2898 2016 2958 et
2076 2895 2250 2959 c6n·

1731 3003 2072 3065 primam.

228 3108 373 3186 Quo
418 3104 623 3193 igitur
665 3108 827 3172 haec
874 3107 1155 3191 erumpit
1197 3104 1448 3171 moles?
1491 3104 1664 3186 Audi
1710 3103 2094 3188 Th5estem:

316 3217 545 3318 1psus
570 3231 936 3298 hortatur
962 3251 1074 3294 me
1115 3230 1388 3314 frater,
1421 3230 1509 3294 lit
1534 3249 1740 3293 meos
1769 3224 1992 3291 malis
2019 3227 2255 3292 miser

315 3320 756 3387 Mandarem
801 3321 1026 3383 natos
1066 3368 1082 3384 .
1118 3367 1133 3382 .
1170 3366 1187 3383 .
1224 3367 1240 3383 .

143 3468 198 3509 so
224 3445 474 3510 Eorum
507 3445 759 3508 viscera
796 3441 1081 3525 apponit.
1155 3439 1325 3517 Quid
1370 3442 1473 3505 est
1513 3437 1712 3522 enim,
1759 3457 1886 3521 quo
1931 3457 2064 3502 non
2107 3451 2258 3520 pro-‘

225 3533 559 3619 grediatur
597 3529 820 3597 eodem
863 3530 958 3593 ira
965 3577 985 3612 ,
1020 3549 1145 3612 quo
1181 3526 1406 3592 furor?
1476 3526 1706 3610 Itaque
1743 3525 1947 3589 iratos
1984 3523 2251 3608 proprie
