2609 3884
640 144 856 202 LIB.1.
913 145 1052 201 CAP
1107 151 1317 202 8-10.
1375 151 1406 212 ς
1442 151 1688 202 30—3‘1.
2094 147 2178 214 15

145 330 269 373 suo
325 307 558 372 decore
611 307 1132 390 imbecillamque
1183 306 1490 391 reddidit,
1552 308 1721 392 quod
1784 309 2051 393 negavit
2104 309 2176 374 in

147 417 226 460 ea
269 394 420 461 sola
465 395 758 478 positum
800 417 946 460 esse
985 395 1178 460 beate
1220 395 1454 460 vivere.
1524 394 1699 461 Nam
1744 394 1991 479 StratO,
2038 398 2175 463 eius
2211 418 2283 469 84

149 483 440 567 auditor,
495 505 882 585 quamquam
946 482 1074 548 fuit
1136 483 1270 548 acri
1332 483 1620 568 ingenio,
1672 488 1892 549 tamen
1954 486 2037 550 ab
2102 507 2179 552 ea

151 572 498 655 disciplina
550 571 814 638 omnino
873 571 1296 636 semovendus
1353 575 1478 664 est3
1534 571 1647 656 qui
1699 593 1844 637 cum
1896 573 2175 640 maxime

99 685 122 726 5
150 660 588 726 necessariam
640 664 894 743 partem
944 659 1463 743 philosophiae,
1486 681 1651 744 quae
1694 661 1912 744 posita
1956 664 2057 726 est
2108 663 2179 728 in

151 750 397 813 virtute
433 750 501 813 et
535 748 857 832 moribus,
900 747 1269 830 reliquisset
1313 750 1651 832 totumque
1690 769 1759 812 se
1798 749 1879 814 ad
1912 749 2176 814 investi-

153 837 484 921 gationem
544 839 818 901 naturae
881 836 1286 919 contulisset,
1348 835 1419 900 in
1481 855 1559 900 ea
1618 836 1765 919 ipsa
1825 837 2177 920 plurimum

155 923 427 988 dissedit
475 947 514 987 a
559 923 712 990 suis.
787 921 1182 1008 Speusippus
1229 927 1449 988 autem
1492 927 1559 989 et
1600 922 1995 990 Xenocrates
2004 975 2024 1010 ,
2070 926 2179 1010 qui

152 1012 352 1096 primi
392 1010 688 1077 Platonis
742 1013 1063 1076 rationem
1109 1013 1688 1096 auctoritatemque
1746 1017 2178 1097 susceperant,

77 1126 126 1164 ιο
154 1104 219 1164 et
281 1102 437 1182 post
509 1120 618 1164 eos
682 1099 950 1165 Polemo
1016 1104 1082 1164 et
1145 1097 1371 1164 Crates
1441 1121 1695 1184 unaque
1758 1098 2035 1166 Crantor
2108 1103 2179 1167 in

152 1188 507 1253 Academia
553 1188 934 1273 congregati
987 1188 1337 1272 diligenter
1382 1209 1487 1270 ea,
1543 1209 1707 1272 quae
1750 1211 1789 1252 a
1834 1190 2207 1272 superiori-=

152 1276 278 1342 bus
317 1278 718 1360 acceperant,
751 1277 1118 1342 tuebantur.
1171 1275 1317 1340 Iam
1347 1274 1763 1340 Polemonem
1799 1276 2180 1343 audiverant

155 1363 426 1430 adsidue
479 1363 652 1428 Zeno
717 1367 782 1429 et
833 1363 1178 1429 Arcesilas.
1287 1361 1414 1428 Sed
1476 1362 1649 1429 Zeno
1712 1386 1859 1430 cum
1923 1364 2177 1432 Arcesi-
2215 1385 2283 1435 85

156 1453 292 1519 lam
348 1452 623 1516 anteiret
680 1456 895 1517 aetate
947 1452 1259 1536 valdeque
1320 1451 1649 1518 subtiliter
1708 1453 2053 1518 dissereret
2116 1458 2183 1518 et

77 1565 128 1606 15
155 1543 464 1622 peracute
513 1544 905 1624 moveretur,
943 1541 1262 1625 corrigere
1311 1543 1581 1605 conatus
1619 1543 1719 1605 est
1754 1540 2178 1624 disciplinam.

155 1628 325 1694 Eam
364 1649 642 1712 quoque,
691 1627 749 1693 si
785 1628 1067 1712 videtur,
1103 1626 1575 1693 correctionem
1608 1629 1973 1712 explicabo,
2010 1630 2182 1694 sicut

157 1717 416 1782 solebat
457 1715 838 1781 Antiochus.
925 1715 1090 1780 Mihi
1131 1736 1314 1800 ver0,
1357 1716 1640 1800 inquam,
1684 1716 1963 1801 videtur,
2008 1717 2179 1801 quod

155 1804 336 1869 vides
381 1803 556 1868 idem
601 1804 963 1888 significare
1008 1802 1460 1886 Pomponium.

293 1891 473 1957 Zeno
530 1892 736 1976 igitur
794 1892 979 1957 nullo
1042 1892 1232 1957 modo
1295 1892 1354 1956 is
1415 1894 1581 1976 erat,
1644 1892 1781 1976 qui,
1844 1894 1919 1956 ut
1975 1892 2177 1958 Theo·
2201 1896 2285 1961 10

75 2006 128 2046 20
154 1980 497 2064 phrastus,
557 2001 790 2046 nervos
851 1980 1110 2044 virtutis
1174 1979 1511 2063 incideret,
1574 1979 1687 2045 sed
1749 1983 1999 2065 contra,
2070 1983 2181 2066 qui

157 2068 408 2152 omnia,
470 2089 632 2151 quae
697 2068 780 2133 ad
842 2069 1104 2133 beatam
1162 2067 1367 2132 vitam
1437 2067 1861 2152 pertinerent,
1924 2068 1993 2133 in
2050 2091 2181 2134 una

154 2155 401 2221 virtute
473 2159 744 2239 poneret
811 2177 932 2222 nec
1004 2156 1355 2240 quidquam
1426 2156 1602 2221 aliud
1670 2159 2041 2221 numeraret
2110 2157 2181 2221 in

155 2244 349 2309 bonis
394 2243 592 2327 idque
635 2244 992 2327 appellaret
1033 2243 1409 2327 honestum,
1464 2244 1635 2328 quod
1690 2249 1861 2309 esset
1908 2244 2179 2328 simplex

157 2329 481 2415 quoddam
539 2335 606 2395 et
661 2332 872 2397 solum
927 2336 994 2396 et
1044 2353 1246 2396 unum
1303 2331 1563 2397 bonum.
1672 2329 1900 2397 Cetera
1965 2336 2179 2397 autem
2216 2352 2284 2402 36

81 2445 130 2486 25
159 2419 288 2486 etsi
329 2440 448 2484 nec
492 2419 664 2484 bona
705 2441 826 2484 nec
877 2419 1054 2484 mala
1098 2423 1342 2503 essent,
1388 2423 1613 2484 tamen
1656 2420 1785 2484 alia
1830 2420 2179 2485 secundum

154 2509 459 2573 naturam
526 2506 810 2592 dicebat,
881 2508 1012 2574 alia
1066 2511 1337 2573 naturae
1402 2528 1543 2572 esse
1608 2507 1951 2572 contraria.
2056 2506 2181 2572 His

155 2594 320 2678 ipsis
358 2593 490 2660 alia
523 2595 864 2660 interiecta
908 2600 976 2660 et
1017 2595 1231 2660 media
1275 2595 1679 2660 numerabat.
1752 2593 1929 2670 Quae
1965 2598 2181 2659 autem

159 2682 510 2748 secundum
535 2687 835 2748 naturam
871 2687 1104 2767 essent,
1139 2705 1218 2748 ea
1245 2682 1555 2749 sumenda
1583 2685 1651 2748 et
1684 2681 1961 2766 quadam
1991 2683 2178 2748 aesti-

158 2771 445 2836 matione
482 2771 806 2856 dignanda
843 2771 1116 2837 docebat
1152 2775 1508 2854 contraque⁴
1551 2771 1903 2854 contraria3
1948 2773 2181 2836 neutra

79 2884 132 2924 so
158 2861 378 2924 autem
421 2857 492 2924 in
533 2859 767 2924 mediis
810 2860 1238 2944 relinquebat,
1291 2860 1359 2924 in
1413 2859 1642 2944 quibus
1687 2860 1974 2942 ponebat
2017 2858 2181 2923 nihil

159 2947 426 3012 omnino
490 2969 632 3012 esse
703 2948 1033 3013 momenti.
1147 2945 1272 3012 Sed
1334 2969 1498 3030 quae
1566 2950 1782 3012 essent
1852 2947 2178 3031 sumenda,
2218 2969 2284 3020 37

159 3057 238 3099 ex
282 3034 362 3100 iis
411 3035 540 3102 alia
584 3035 790 3119 pluris
827 3057 968 3101 esse
1013 3035 1432 3118 aestimanda,
1479 3036 1607 3100 alia
1642 3035 1929 3101 minoris.
2006 3034 2181 3112 Quae

155 3123 391 3207 pluris,
456 3145 532 3188 ea
595 3125 1053 3224 praeposita
1115 3123 1518 3208 appellabat,
1580 3124 1877 3189 reiecta
1947 3127 2181 3208 autem,

157 3233 322 3294 quae
377 3212 665 3276 minoris.
763 3211 980 3295 Atque
1033 3215 1110 3276 ut
1161 3212 1324 3276 haec
1376 3232 1509 3276 non
1562 3215 1699 3276 tam
1746 3211 1939 3277 rebus
1986 3232 2181 3304 quam

83 3322 132 3362 35
157 3300 492 3375 vocabulis
549 3303 1087 3384 commutaverat,
1131 3299 1226 3364 sic
1270 3299 1445 3364 inter
1477 3303 1649 3364 recte
1697 3298 1944 3364 factum
1988 3299 2181 3382 atque

156 3391 494 3472 peccatum
561 3387 848 3452 officium
903 3392 970 3452 et
1024 3391 1249 3453 contra
1302 3387 1589 3452 officium
1633 3387 1881 3451 media
1924 3386 2183 3451 locabat

157 3477 502 3560 quaedam,
545 3481 721 3540 recte
764 3475 938 3542 facta
983 3476 1126 3541 sola
1169 3476 1238 3540 in
1270 3475 1461 3540 bonis
1506 3475 1871 3540 actionibus
1915 3494 2180 3558 ponens,
