2609 3884
402 137 529 201 128
726 134 823 191 DE
861 135 1152 191 FINIBUS
1189 134 1553 190 BONORUM
1588 134 1683 189 ΕΤ
1718 133 2087 189 MALORUM

395 298 566 363 hanc
603 297 882 363 dulcem.
930 296 1030 362 ‘in
1065 284 1333 376 motu’‚
1378 296 1563 361 illam
1596 296 1763 361 nihil
1799 296 2078 361 dolentis
2128 294 2237 360 ‘in
2274 298 2418 360 sta-

398 385 740 452 bilitate'
743 386 796 471 ),
851 385 1007 488 quid
1059 384 1316 449 tendit?
1372 406 1518 449 cum
1573 384 1828 449 efficere
1880 406 2013 449 non
2066 384 2307 468 possit,
2354 388 2424 447 ut

400 476 722 560 cuiquam,
777 475 887 559 qui
941 474 1080 558 ipse
1137 473 1266 539 sibi
1321 476 1517 538 notus
1574 474 1692 556 sit,
1745 472 1870 538 hoc
1924 476 2026 537 est
2083 472 2197 556 qui
2246 494 2425 536 suam

398 567 700 629 naturam
755 583 1142 646 sensumque
1209 560 1633 645 perspexerit,
1695 564 1988 627 vacuitas
2054 559 2303 625 doloris
2366 563 2429 623 et

400 652 704 735 voluptas
776 651 948 716 idem
1012 671 1152 715 esse
1214 649 1531 715 videatur.
1630 648 1775 714 Hoc
1839 652 1939 713 est
1989 649 2125 713 vim
2184 648 2428 731 afferre,
2450 674 2477 714 ⁵
2582 662 2584 719 1

399 740 754 824 Torquate,
801 738 1128 821 sensibus,
1188 742 1566 822 extorquere
1613 758 1692 801 ex
1736 737 1970 802 animis
2018 736 2430 821 cognitiones

400 829 772 910 verborum,
819 827 1050 912 quibus
1096 825 1335 892 imbuti
1382 847 1620 891 sumus·
1720 824 1876 901 Quis
1923 825 2095 889 enim
2146 829 2278 908 est,
2323 825 2433 909 qui

398 938 533 981 non
584 915 803 979 videat
856 914 1019 979 haec
1075 936 1214 979 esse
1270 914 1341 979 in
1402 918 1639 979 natura
1690 934 1907 978 rerum
1970 912 2149 977 tria?
2212 935 2433 995 unum,

402 1025 551 1069 cum
612 1004 682 1069 in
743 1003 1078 1087 voluptate
1142 1024 1365 1067 sumus
1377 1052 1398 1087 ,
1462 1003 1763 1086 alterum,
1835 1023 1982 1066 cum
2053 1002 2124 1066 in
2190 1000 2434 1085 dolore,

401 1091 668 1157 tertium
722 1090 874 1175 hoc,
927 1092 998 1155 in
1051 1112 1178 1175 quo
1231 1111 1404 1155 nunc
1457 1090 1756 1175 equidem
1810 1111 1982 1174 sum,
2029 1088 2224 1156 credo
2275 1090 2433 1154 item
2458 1117 2511 1155 ιο

401 1201 546 1262 vos,
603 1200 723 1244 nec
774 1179 845 1244 in
899 1178 1122 1244 dolore
1166 1200 1287 1243 nec
1330 1178 1402 1243 in
1445 1180 1805 1263 voluptate3
1850 1180 1927 1243 ut
1977 1178 2049 1243 in
2095 1179 2436 1261 voluptate

405 1268 518 1351 sit,
558 1267 670 1350 qui
706 1268 1030 1352 epuletur,
1064 1268 1134 1332 in
1171 1266 1423 1350 dolore,
1458 1267 1570 1351 qui
1603 1270 2001 1351 torqueatur.
2072 1266 2179 1331 Tu
2216 1271 2438 1331 autem

403 1355 576 1419 inter
618 1355 780 1421 haec
823 1359 1078 1421 tantam
1112 1355 1596 1421 multitudinem
1639 1354 1980 1421 hominum
2022 1356 2439 1421 interiectam

305 1459 366 1507 17
404 1466 537 1509 non
580 1443 760 1509 vides
804 1465 924 1509 nec
967 1444 1357 1509 laetantium
1399 1465 1520 1509 nec
1565 1442 1966 1509 dolentium?
2055 1442 2121 1509 N
2121 1465 2211 1508 on
2254 1466 2439 1528 pror·

405 1554 546 1617 sus,
589 1531 827 1617 inquit,
882 1534 1250 1616 omnisque,
1296 1531 1408 1617 qui
1454 1532 1590 1597 sine
1636 1531 1857 1597 dolore
1894 1532 2054 1616 sint,
2096 1532 2169 1596 in
2205 1533 2437 1616 volup·
2464 1560 2515 1599 15

402 1622 567 1705 tate,
630 1626 700 1685 et
761 1642 839 1685 ea
900 1620 1158 1705 quidem
1220 1642 1500 1701 summa,
1563 1642 1704 1685 esse
1759 1620 1922 1685 dico.
1978 1657 2061 1669 —
2118 1619 2310 1703 Ergo
2369 1622 2440 1685 in
2583 1686 2584 1691 ,

405 1710 630 1774 eadem
673 1709 1012 1793 voluptate
1057 1730 1232 1793 eum,
1276 1708 1389 1793 qui
1434 1708 1625 1773 alteri
1660 1708 1933 1773 misceat
1966 1708 2253 1773 mulsum
2297 1709 2438 1794 ipse
2582 1694 2584 1803 Ι

403 1818 536 1862 11011
581 1797 835 1881 sitiens,
883 1798 950 1861 et
996 1817 1169 1881 eum,
1215 1797 1327 1881 qui
1369 1796 1534 1861 illud
1580 1796 1807 1861 sitiens
1852 1795 2084 1861 bibat?
2582 1806 2584 1890 ᾗ

327 1893 368 1958 6
537 1886 702 1951 Tum
746 1886 886 1951 ille.
948 1884 1206 1970 Finem,
1251 1884 1490 1969 inquit,
1534 1885 2007 1969 interrogandi,
2053 1885 2111 1951 si
2156 1884 2439 1969 videtur,

406 1974 580 2057 quod
632 1974 890 2058 quidem
943 1993 1065 2058 ego
1119 1994 1160 2037 a
1209 1970 1534 2057 principio
1585 1973 1683 2037 ita
1736 1994 1839 2037 me
1892 1973 2087 2037 malle
2142 1972 2440 2037 dixeram
2463 2002 2513 2041 ιο

405 2060 530 2127 hoc
574 2062 791 2145 ipsum
836 2062 1210 2145 providens,
1255 2061 1625 2127 dialecticas
1662 2061 2013 2145 captiones.
2082 2060 2439 2126 Rhetorice

404 2149 635 2233 igitur,
679 2149 971 2233 inquam,
1013 2170 1135 2214 nos
1183 2149 1389 2214 mavis
1435 2171 1629 2234 quam
1674 2149 2009 2215 dialectice
2053 2147 2441 2233 disputare?

407 2236 608 2312 Quasi
660 2258 840 2321 vero,
892 2238 1132 2321 inquit,
1185 2241 1500 2321 perpetua
1554 2238 1765 2303 oratio
1819 2237 2151 2303 rhetorum
2200 2238 2439 2322 solum,

405 2346 538 2390 non
581 2325 780 2390 etiam
833 2324 1375 2410 philosophorum
1429 2326 1534 2391 sit.
1632 2324 1911 2391 Zenonis
1964 2328 2091 2411 est,
2144 2326 2439 2411 inquam,

403 2413 528 2479 hoc
573 2411 794 2479 Stoici.
895 2412 1170 2479 Omnem
1225 2414 1359 2479 vim
1412 2413 1742 2499 loquendi,
1790 2417 1867 2479 ut
1908 2414 2042 2479 iam
2088 2417 2241 2479 ante
2285 2414 2436 2479 Ari-
2464 2442 2514 2482 25

405 2503 698 2588 stoteles,
762 2503 836 2567 in
898 2503 1058 2567 duas
1120 2501 1441 2567 tributam
1504 2524 1644 2567 esse
1716 2506 1967 2586 partes,
2034 2502 2436 2567 rhetoricam

405 2591 690 2676 palmae,
738 2591 1144 2657 dialecticam
1187 2591 1395 2675 pugni
1430 2591 1707 2655 similem
1748 2612 1887 2657 esse
1933 2591 2210 2674 dicebat,
2258 2591 2437 2674 quod

403 2680 602 2744 latius
643 2680 1060 2765 loquerentur
1107 2677 1430 2763 rhetores,
1478 2678 1799 2744 dialectici
1843 2683 2062 2745 autem
2107 2700 2433 2763 compres-

405 2768 556 2833 sius.
662 2767 1000 2853 Obsequar
1063 2767 1267 2851 igitur
1329 2767 1655 2833 voluntati
1716 2771 1868 2833 tuae
1932 2766 2299 2851 dicamque,
2376 2768 2435 2833 si

403 2857 659 2937 potero,
719 2855 1070 2939 rhetorice,
1133 2856 1247 2920 sed
1299 2855 1425 2920 hac
1485 2855 1807 2921 rhetorica
1868 2854 2431 2940 philosophorum,
2458 2882 2514 2923 so

402 2963 535 3006 non
577 2947 804 3008 nostra
847 2944 964 3008 illa
1007 2944 1282 3028 forensi,
1330 2946 1525 3027 q'uam
1560 2965 1823 3009 necesse
1860 2948 1986 3027 est,
2031 2964 2178 3008 cum
2223 2965 2433 3027 popu-

402 3030 628 3095 lariter
703 3030 1036 3115 loquatur,
1121 3053 1260 3097 esse
1341 3032 1667 3097 interdum
1736 3030 1932 3116 paulo
2006 3029 2430 3096 hebetiorem.

300 3137 366 3188 18
407 3116 533 3183 Sed
576 3117 730 3183 dum
783 3119 1213 3203 dialecticam,
1266 3119 1627 3205 Torquate,
1682 3120 2036 3185 contemnit
2086 3118 2431 3204 EpicuruS,

403 3227 568 3290 quae
631 3228 761 3271 una
821 3206 1112 3273 continet
1173 3230 1429 3274 omnem
1494 3212 1560 3273 et
1619 3207 2078 3293 perspiciendi,
2142 3207 2300 3293 quid
2360 3209 2431 3271 in

403 3316 654 3379 quaque
710 3318 782 3361 re
837 3296 950 3380 sit,
997 3296 1335 3361 scientiam
1380 3300 1446 3361 et
1496 3296 1847 3381 iudicandi,
1901 3296 2091 3381 quale
2141 3296 2429 3381 quidque
2454 3322 2511 3363 35

403 3382 515 3464 sit,
561 3387 627 3447 et
669 3384 922 3448 ratione
969 3405 1044 3448 ac
1087 3384 1196 3447 via
1240 3384 1639 3469 disputandi,
1694 3385 1828 3449 ruit
1871 3385 1939 3449 in
1997 3384 2294 3467 dicendO,
2352 3387 2430 3448 ut

401 3469 594 3537 mihi.
617 3471 876 3556 quidem
920 3472 1197 3555 videtur,
1240 3493 1361 3547 nec
1407 3494 1509 3558 ea,
1567 3494 1732 3558 quae
1792 3473 2019 3539 docere
2070 3473 2237 3557 vult,
2290 3471 2431 3537 ulla
