2609 3884
345 160 474 225 124
667 159 765 215 DE
802 158 1096 215 FINIBUS
1131 158 1495 215 BONORUM
1528 152 1625 215 ΕΤ
1661 158 2027 215 MALORUM

343 322 530 408 quale
595 322 708 407 sit,
782 321 1054 387 nesciat!
1172 308 1403 406 Atqui,
1474 321 1765 406 inquam,
1839 325 1954 386 aut
2024 321 2367 407 Epicurus,

339 412 500 499 quid
562 410 650 474 sit
709 411 1042 494 voluptas,
1105 413 1220 474 aut
1282 430 1506 474 omnes
1570 410 1906 494 mortaleS‚
1962 409 2073 493 qui
2125 410 2367 493 ubique

343 503 520 583 sunt,
562 498 880 564 nesciunt.
968 497 1290 583 Quonam,
1336 498 1577 582 inquit,
1620 498 1859 563 modo?
1931 497 2103 573 Quia
2143 498 2369 581 volup-

324 592 547 661 tatem
575 586 742 652 hanc
771 606 914 651 esse
941 586 1234 651 sentiunt
1261 607 1504 669 omnes,
1538 608 1733 670 quam
1772 608 1999 651 sensus
2040 586 2367 669 accipiens

275 694 304 745 7
341 680 642 741 movetur
703 678 769 739 et
832 673 1232 739 iucunditate
1305 674 1585 759 quadam
1654 674 2079 758 perfunditur.
2198 673 2371 750 Quid
2394 699 2419 740 5

195 782 246 817 x
342 764 542 850 ergo?
614 763 814 847 istam
878 762 1311 846 voluptatem,
1371 762 1612 847 inquit,
1672 761 1995 865 Epicurus
2058 762 2369 846 ignorat?

338 852 491 919 Non
528 872 799 935 semper,
832 851 1124 935 inquam3
1159 872 1316 915 nam
1352 850 1678 915 interdum
1704 851 1901 915 nimis
1932 852 2131 915 etiam
2166 851 2373 935 novit,

341 941 578 1027 quippe
623 939 734 1025 qui
777 939 1163 1005 testificetur
1197 959 1279 1003 ne
1316 938 1693 1023 intellegere
1740 938 1997 1023 quidem
2042 959 2112 1004 se
2158 960 2373 1023 posse,

339 1029 455 1093 ubi
501 1030 588 1093 sit
633 1031 748 1092 aut
794 1026 965 1111 quod
1001 1028 1090 1092 sit
1121 1026 1331 1091 ullum
1372 1027 1615 1092 bonum
1660 1030 1921 1111 praeter
1962 1026 2150 1109 illud,
2196 1027 2372 1111 quod

345 1118 491 1182 cibo
557 1118 626 1180 et
666 1116 928 1199 potione
993 1118 1060 1180 et
1122 1115 1377 1180 aurium
1449 1115 1875 1180 delectatione
1948 1118 2016 1180 et
2086 1115 2371 1180 obscena
2398 1140 2447 1180 ιο
2573 1164 2574 1167 ¹

343 1205 678 1289 voluptate
733 1204 1044 1287 capiatur.
1147 1202 1256 1268 An
1316 1203 1477 1269 haec
1542 1203 1622 1267 ab
1686 1224 1763 1269 eo
1824 1224 1957 1268 non
2022 1203 2371 1268 dicuntur?-

209 1294 260 1335 Χ
345 1292 544 1369 Quasi
613 1312 763 1356 vero
835 1313 939 1355 me
1011 1291 1286 1375 pudeat,
1358 1291 1601 1376 inquit,
1670 1291 1979 1376 istorum,
2052 1295 2166 1355 aut
2236 1313 2371 1356 non

342 1380 620 1464 possim,
693 1400 884 1465 quem
956 1380 1038 1444 ad
1108 1379 1376 1446 modum
1448 1402 1526 1444 ea
1607 1368 1926 1461 dicantur,
1998 1380 2371 1445 ostendere!

342 1468 488 1554 Ego
552 1489 705 1533 vero
767 1490 901 1533 non
963 1468 1215 1550 dubito,
1287 1489 1581 1552 mquam,
1653 1467 1813 1552 quin
1880 1430 2073 1532 f’acile
2135 1469 2370 1551 possis,

342 1579 462 1623 nec
523 1560 626 1621 est
688 1556 860 1641 quod
921 1559 987 1621 te
1048 1557 1288 1639 pudeat
1360 1556 1640 1640 sapienti
1716 1556 2047 1635 assentiri,
2119 1556 2235 1641 qui
2302 1579 2369 1621 se
2400 1580 2449 1621 ιι,

345 1668 537 1730 unus,
583 1644 754 1729 quod
791 1644 1016 1727 sciam,
1061 1645 1422 1728 sapientem
1455 1644 1747 1729 profiteri
1784 1644 1873 1709 sit
1908 1666 2120 1710 ausus.
2194 1642 2372 1709 Nam

343 1734 788 1799 Metrodorum
849 1754 983 1798 non
1042 1735 1202 1816 puto
1265 1733 1482 1816 ipsum
1544 1733 1935 1816 professum,
2008 1733 2149 1811 sed,
2222 1754 2371 1799 cum

347 1823 783 1907 appellaretur
827 1821 910 1885 ab
953 1820 1267 1904 Epicuro,
1312 1820 1647 1905 repudiare
1682 1823 1941 1885 tantum
1980 1820 2371 1886 beneficium

343 1910 657 1992 noluisse3
712 1913 962 1993 septem
1017 1911 1234 1973 autem
1289 1908 1390 1972 illi
1441 1930 1573 1974 non
1618 1930 1764 1991 sno,
1818 1908 1931 1973 sed
1976 1909 2371 1993 populorum

275 2019 307 2069 8
347 1998 658 2082 suffragio
723 1998 1013 2061 omnium
1074 1996 1399 2062 nominati
1462 2000 1629 2062 sunt.
1736 1994 1981 2062 Verum
2040 1998 2167 2062 hoe
2220 1998 2369 2063 loco
2395 2022 2449 2062 ιο

346 2108 530 2151 sumo
593 2084 807 2150 verbis
870 2085 973 2149 his
1037 2084 1304 2149 eandem
1370 2088 1540 2150 certe
1602 2084 1736 2150 vim
1792 2086 2153 2169 voluptatis
2206 2085 2371 2169 Epi-

346 2195 569 2239 curum
620 2194 815 2238 nosse
870 2194 1064 2257 quam
1119 2175 1385 2238 ceteros,
1484 2172 1724 2239 Omnes
1791 2173 1961 2238 enim
2017 2174 2372 2239 iucundum

344 2265 618 2344 motum,
665 2282 791 2345 quo
838 2282 1063 2325 sensus
1108 2261 1451 2345 hilaretur,
1505 2260 1749 2326 Graece
1793 2255 2081 2345 ἡδονήν,
2134 2260 2369 2327 Latine

343 2350 827 2433 voluptatem
879 2352 1133 2414 vocant.
1228 2348 1397 2424 Quid
1450 2352 1550 2414 est
1600 2349 1830 2435 igitur,
1891 2350 2130 2434 inquit,
2195 2350 2368 2434 quod

343 2437 676 2523 requiras?
777 2436 1037 2522 Dicam,
1081 2438 1373 2522 inquam,
1420 2441 1487 2502 et
1532 2438 1792 2523 quidem
1836 2437 2125 2503 discendi
2168 2460 2369 2503 causa
2393 2464 2445 2505 25

345 2528 586 2611 magis,
642 2547 836 2610 quam
882 2547 1008 2610 quo
1059 2528 1124 2589 te
1171 2529 1284 2589 aut
1327 2525 1683 2609 Epicurum
1725 2548 2103 2610 reprensum
2149 2527 2368 2592 velim.

343 2616 487 2701 Ego
535 2634 817 2700 quoque,
860 2613 1105 2698 inquit,
1150 2614 1480 2678 didicerim
1525 2614 1861 2698 libentius,
1908 2615 1963 2678 si
2002 2615 2158 2699 quid
2196 2618 2367 2679 attu-

344 2704 515 2787 leris,
551 2723 747 2788 quam
773 2706 849 2766 te
884 2701 1423 2785 reprehenderim.
1495 2702 1788 2769 Tenesne
1824 2702 2047 2786 igitur,
2080 2702 2368 2787 inquam,

342 2790 780 2874 Hieronymus
816 2789 1108 2855 Rhodius
1157 2791 1313 2875 quid
1359 2790 1533 2855 dicat
1566 2812 1706 2856 esse
1745 2812 2067 2857 summum
2104 2791 2367 2875 bonum,

344 2900 472 2963 quo
535 2881 722 2961 putet
784 2878 1003 2943 omnia
1064 2879 1292 2944 referri
1368 2880 1711 2962 oportere?
1818 2878 2034 2944 Teneo
2043 2929 2061 2963 ,
2131 2878 2365 2979 inquit,
2390 2904 2441 2943 30

342 2968 536 3031 finem
590 2966 692 3029 illi
746 2965 952 3029 videri
1002 2965 1168 3031 nihil
1225 2967 1460 3032 dolere.
1567 2967 1779 3043 Quid?
1830 2968 2003 3031 idem
2056 2967 2338 3074 iste,m
2342 3007 2365 3013 —

273 3076 306 3125 9
345 3076 566 3140 quam,
629 3054 706 3117 de
766 3053 1098 3136 voluptate
1163 3054 1318 3139 quid
1374 3055 1615 3120 sentit?
1719 3054 1939 3140 Negat
1998 3076 2141 3120 esse
2202 3077 2365 3138 eam,

342 3143 581 3226 inquit,
651 3144 916 3226 propter
990 3162 1058 3206 se
1123 3143 1563 3227 expetendam.
1680 3144 1878 3208 Aliud
1948 3143 2153 3229 igitur
2225 3164 2365 3208 esse

343 3234 562 3295 censet
605 3229 912 3316 gaudere,
958 3230 1135 3294 aliud
1178 3252 1311 3295 non
1355 3232 1587 3296 dolere.
1666 3231 1757 3297 Et
1802 3231 2089 3317 quidem,
2133 3230 2364 3315 inquit,
2573 3276 2574 3285 ι

342 3318 754 3385 vehementer
792 3321 990 3401 errat3
1026 3340 1208 3401 nam,
1244 3322 1319 3383 ut
1353 3320 1547 3402 paulo
1585 3323 1736 3385 ante
1772 3320 1984 3399 docui,
2033 3320 2363 3404 augendae
2389 3342 2437 3383 35
2573 3334 2574 3365 ³

343 3406 697 3488 voluptatis
742 3406 890 3469 finis
938 3410 1037 3470 est
1080 3407 1322 3471 doloris
1360 3408 1570 3471 omnis
1608 3408 1869 3473 amotio.
1940 3407 2095 3473 Non
2128 3408 2364 3490 dolere,

269 3488 278 3497 ’
343 3493 636 3578 inquam,
681 3493 854 3557 istud
893 3515 1086 3577 quam
1123 3494 1256 3559 vim
1292 3493 1556 3580 habeat,
1600 3500 1830 3579 postea
1872 3495 2120 3581 vider03
2166 3495 2363 3560 aliam

705 3582 764 3597 ,unet
