2609 3884
377 248 609 303 XXXVI
993 243 1420 300 ADNOTATIO
1458 243 1763 299 CRITICA.

376 407 798 475 complectimur
842 403 1005 459 Hein.
1054 434 1119 445 —
1167 403 1230 459 P.
1276 409 1397 458 339.
1436 409 1500 457 21
1544 419 1624 470 sq.
1678 418 1776 457 uec
1828 403 1956 457 mal.
2000 403 2203 470 ullum,
2246 421 2317 458 ne
2348 405 2401 458 si

375 473 1651 603 ..centimeter--
1670 472 2180 599 {razn-...³33³
2218 474 2396 599 Hae

378 619 465 673 ed.
503 589 658 682 'stim
693 617 811 672 vid.
841 617 917 671 ad
943 563 998 686 ἕ.
1028 622 1111 671 18.
1144 621 1226 670 13.
1259 645 1326 655 --
1353 586 1414 669 P'.
1446 584 1565 670 339'.
1596 620 1663 669 23
1692 614 2137 682 comparandum
2171 587 2397 670 fialmio

376 691 604 743 auctore
648 687 796 742 Bait.
845 687 932 741 ed.
978 686 1226 740 Tauchn.
1275 716 1343 726 —
1391 684 1452 742 P.
1490 690 1611 740 340.
1652 691 1682 740 7
1730 685 1954 755 Ecquid
1999 685 2201 740 nescis
2249 687 2397 752 Em„

375 759 541 828 Bak,
595 758 744 815 Bait.
801 757 888 813 ed.
935 756 1178 810 Tauchn.
1228 786 1299 796 —
1343 755 1404 809 P.
1444 761 1565 810 340.
1608 760 1672 809 13
1729 761 1829 810 aut
1878 755 2253 810 Prometheum
2302 763 2401 811 aut

378 832 736 886 Philoctetam
768 828 1029 894 Lallem.‚
1066 826 1212 881 Bait.
1252 827 1340 881 ed.
1379 826 1477 881 alt.
1515 855 1585 867 —
1619 825 1681 880 P.
1709 831 1831 881 341.
1871 831 1905 880 4
1951 827 2218 893 differunt
2252 826 2397 880 miro

377 916 649 957 consensu
684 897 860 966 Bait„
899 896 1088 966 Seyffi,
1126 896 1315 964 Hein.,
1361 895 1563 964 Sorof-3
1598 895 1711 950 vid.
1740 896 1927 951 Madv.
1964 896 2056 953 fin.
2093 914 2149 966 p.
2178 903 2301 952 431.
2333 929 2397 938 -

374 973 435 1026 P.
466 976 588 1026 341.
619 976 650 1025 7
689 968 890 1024 Graeci
925 969 1012 1022 illi
1050 966 1238 1036 codd.,
1289 966 1550 1022 Graeculi
1582 965 1727 1020 Bait.
1768 966 1854 1022 ed.
1894 965 2166 1034 Tauchn.;
2215 968 2285 1023 cf.
2326 969 2400 1022 ad

374 1061 429 1112 p.
460 1047 581 1095 213.
613 1045 680 1093 29
719 1040 778 1093 et
812 1056 866 1107 p.
905 1044 1026 1092 342.
1067 1043 1136 1092 14
1179 1038 1370 1093 rudem
1412 1038 1570 1092 illum
1617 1039 1675 1091 et
1712 1043 1777 1092 16
1825 1038 1918 1092 ille
1952 1039 2308 1105 exercitatus,
2344 1057 2398 1108 p.

374 1119 498 1166 431.
528 1116 560 1165 9
597 1111 772 1164 elatus
804 1109 923 1175 ille,
962 1107 1144 1162 Gertz.
1181 1108 1255 1163 ad
1292 1108 1419 1163 Seu.
1458 1108 1527 1162 de
1564 1107 1722 1162 clem.
1760 1107 1789 1160 I
1827 1114 1909 1164 16.
1940 1113 1991 1162 5.
2062 1107 2248 1162 Minus
2289 1109 2399 1163 for-

376 1184 525 1236 sitan
580 1179 852 1247 offendat,
907 1179 956 1233 si
1001 1178 1211 1233 scribas
1259 1178 1483 1245 Graeci,
1526 1179 1616 1234 illi
1659 1194 1914 1247 quorum,
1958 1178 2064 1232 etsi
2100 1179 2399 1234 admodum

376 1251 519 1306 nihil
569 1250 820 1306 interest.
877 1279 945 1290 —
999 1249 1059 1303 P.
1099 1255 1221 1303 341.
1265 1255 1336 1303 24
1379 1249 1602 1303 Eurota
1652 1248 1840 1317 codd.,
1893 1248 2163 1304 Ribbeck.
2228 1253 2401 1318 recte,

375 1322 624 1376 Eurotas
659 1321 785 1378 edd.
824 1319 935 1376 Cic.
976 1349 1042 1360 —
1079 1319 1140 1372 P.
1169 1326 1290 1374 341.
1322 1325 1390 1374 25
1432 1320 1652 1375 Militia
1688 1319 1878 1386 codd.,
1920 1319 2111 1387 Ribb„
2152 1321 2403 1376 Militiae

375 1392 628 1463 plerique
685 1390 874 1460 editt„
921 1390 1170 1445 Militiae
1221 1394 1271 1444 et
1326 1391 1509 1445 studio
1554 1389 1693 1445 mire
1741 1389 1903 1459 Seyff.
1952 1419 2021 1432 -—
2064 1390 2126 1446 P.
2168 1396 2291 1446 341.
2333 1399 2399 1446 31

377 1479 568 1531 aymeu
621 1462 697 1517 ad
748 1463 942 1517 tibiam
984 1460 1214 1530 Tregd,
1259 1459 1496 1529 Haupt.‚
1542 1459 1730 1528 Hein.,
1776 1459 1921 1532 Sor„
1960 1461 2036 1515 ad
2074 1461 2292 1516 modum
2328 1463 2404 1516 ad

376 1534 569 1588 tibiam
606 1531 768 1587 codd.
816 1533 876 1586 et
910 1547 1074 1586 cruce
1123 1530 1322 1586 addita
1357 1530 1530 1598 Bait..
1574 1531 1679 1586 iter
1722 1532 1798 1587 ad
1842 1531 2059 1586 modum
2095 1547 2160 1585 ac
2208 1532 2403 1586 tibiam

377 1603 543 1673 Seyff.
582 1632 649 1643 -—
686 1603 749 1657 P.
786 1609 908 1657 341.
945 1607 1017 1657 34
1060 1606 1119 1656 et
1162 1607 1403 1672 quantus
1446 1601 1613 1670 Dav„
1660 1601 1951 1669 Wesenb.‚
1994 1599 2173 1670 Bait„
2218 1602 2401 1669 Hein.,

377 1674 497 1730 Sor.
534 1704 603 1714 —
640 1673 702 1729 P.
739 1679 861 1728 342.
909 1679 944 1727 4
985 1672 1157 1740 fuerit
1199 1671 1411 1736 Bentl.‚
1468 1669 1615 1726 Bait.
1664 1671 1750 1726 ed.
1799 1671 1919 1740 Or.,
1974 1670 2165 1741 Seyffi,
2219 1672 2401 1740 Hein.,

377 1745 584 1812 Sorof„
628 1744 773 1811 ferat
815 1743 1036 1812 Lamb.,
1073 1741 1220 1796 Bait.
1260 1743 1346 1798 ed.
1380 1742 1625 1798 Tauchn.
1657 1771 1723 1782 —
1751 1741 1812 1798 P.
1842 1747 1961 1796 342.
1991 1747 2059 1797 23
2100 1745 2158 1797 et
2191 1761 2246 1812 p.
2277 1749 2399 1797 343.

376 1821 410 1870 5
436 1816 588 1884 potis
614 1814 807 1881 Both..
843 1814 1036 1882 Ribb„
1072 1812 1252 1883 Hein.,
1280 1817 1461 1882 potest
1487 1813 1667 1880 codd.,
1700 1811 1851 1881 vulg.
1882 1843 1949 1851 —
1976 1812 2037 1866 P.
2069 1818 2188 1868 342.
2220 1819 2291 1868 24
2318 1831 2402 1882 sq.

376 1902 521 1954 quae
558 1885 672 1939 sint
698 1886 902 1954 poetae
938 1884 1130 1951 verba,
1167 1900 1312 1953 quae
1346 1883 1653 1952 (licei-onia,
1691 1883 1991 1938 admodum
2030 1883 2260 1938 dubium
2298 1886 2403 1938 est.

375 1956 510 2010 Nou
535 1957 688 2023 po'tis
723 1956 924 2010 accedi.
953 1985 1020 1994 —
1053 1953 1203 2008 Ge'rte
1237 1955 1568 2025 Eurypylus
1603 1954 1691 2008 hic
1726 1955 1940 2022 quidem
1966 1959 2056 2008 est.
2112 1954 2404 2009 Hominem

376 2027 700 2081 exercitum!
733 2040 848 2079 non
875 2023 1058 2079 solum
1085 2024 1331 2093 optimus
1360 2041 1552 2080 versus
1581 2025 1665 2078 est
1702 2026 1855 2092 (nam
1880 2023 2139 2093 imperite
2168 2025 2403 2093 quidam

376 2100 456 2151 est
489 2094 798 2161 eiecerunt3
834 2094 1004 2148 immo
1039 2096 1264 2163 poterat
1299 2094 1435 2148 addi
1473 2095 1543 2149 0:
1582 2096 1672 2149 hic
1706 2096 1983 2164 quidemst.
2032 2094 2078 2148 Ο
2112 2095 2249 2150 ho'm.
2290 2098 2402 2163 —),

377 2165 478 2220 sed
523 2164 698 2219 etiam
743 2164 923 2218 oratio
969 2181 1037 2218 ex
1080 2162 1207 2233 ipsa
1252 2180 1455 2220 scaena
1500 2166 1686 2219 sumta
1721 2165 1968 2233 videtur,
2020 2166 2079 2218 et
2126 2164 2403 2219 dederunt

375 2237 579 2304 poetae
615 2233 790 2302 Bait„
829 2234 1019 2303 Sey-ff,
1058 2233 1237 2290 Sorof.
1311 2235 1522 2291 Tamen
1567 2235 1742 2289 malui
1778 2234 2103 2290 Ciceronem
2138 2235 2301 2304 quasi
2337 2252 2397 2289 se

375 2305 561 2375 ipsum
594 2305 820 2361 fabulae
856 2305 1311 2374 interponentem
1344 2306 1547 2360 facere.
1612 2304 1884 2360 Incertius
1922 2305 2096 2360 etiam
2130 2305 2402 2360 iudicium

378 2378 465 2431 est
493 2376 562 2431 de
589 2375 686 2445 fle,
723 2391 866 2444 quae
894 2378 1222 2444 sequuntur:
1281 2375 1391 2430 Ubi
1423 2380 1641 2431 tautum
1676 2377 1853 2431 luctus
1880 2406 1963 2431 —.
1996 2407 2061 2416 —
2089 2376 2150 2432 P.
2180 2381 2299 2430 342.
2331 2382 2399 2430 29

369 2452 635 2516 paratum
681 2447 752 2501 de
796 2445 1040 2502 Bentleii
1094 2446 1238 2502 coni.
1287 2445 1466 2516 Bait„
1511 2446 1699 2515 Hein.,
1738 2446 1884 2512 Sor..
1930 2445 2228 2514 Ribbeck,
2274 2463 2401 2500 mea

375 2517 655 2573 sententia
689 2533 760 2572 ne
796 2519 950 2572 recte
987 2516 1240 2588 quidem,
1287 2534 1402 2572 non
1436 2517 1604 2572 modo
1651 2516 2038 2585 probabiliter.
2080 2548 2147 2557 —
2183 2516 2246 2571 P.
2275 2523 2399 2571 343.

378 2595 443 2644 17
481 2593 687 2644 exercet
726 2588 795 2642 Η.
834 2589 1071 2658 Saupp.,
1114 2587 1290 2656 Bait„
1337 2587 1526 2656 Hein.,
1573 2587 1777 2655 Sorof„
1838 2603 1950 2642 non
1985 2587 2162 2641 multo
2200 2588 2401 2656 proba-

371 2659 567 2726 bilius;
603 2675 719 2714 non
755 2659 938 2714 minue
965 2659 1164 2714 Latine
1193 2659 1335 2714 Cels,
1363 2660 1391 2713 I
1425 2674 1639 2729 proem.
1682 2660 1791 2712 ext.
1838 2659 1977 2714 Tum
2013 2659 2089 2714 ad
2123 2675 2186 2713 ea
2222 2663 2401 2712 trans·

372 2731 490 2795 ibe,
545 2745 684 2797 quae
736 2728 814 2784 ad
856 2731 1068 2786 morbos
1111 2732 1520 2800 curationesque
1568 2745 1753 2784 eorum
1792 2730 2190 2798 pertinebunt.
2232 2757 2298 2769 --
2334 2728 2401 2781 P.

374 2804 496 2853 343.
531 2805 594 2852 18
632 2814 791 2867 posse
833 2814 888 2854 ce
933 2799 1104 2868 Bait,
1149 2802 1292 2867 ferre
1336 2816 1391 2854 se
1436 2798 1631 2868 Seyff.,
1679 2800 1824 2868 Son,
1868 2815 1924 2854 se
1969 2815 2077 2854 om.
2127 2797 2289 2853 Hein.
2331 2828 2400 2838 —

373 2868 434 2923 P.
466 2873 585 2922 343.
619 2874 684 2922 19
722 2886 803 2937 sq.
849 2868 935 2922 Ex
981 2868 1200 2938 ingenti
1242 2885 1475 2924 numero
1526 2869 1970 2924 coniecturarum
2015 2884 2140 2924 eam
2176 2870 2401 2923 secutus

373 2956 523 3006 sum,
579 2953 721 3006 quae
778 2940 837 2992 et
892 2938 1140 2992 omnium
1194 2939 1446 3008 proxime
1500 2939 1795 2995 accederet
1848 2940 1921 2995 ad
1974 2939 2403 2994 similitudinem

372 3009 686 3062 litterarum
722 3007 1059 3062 traditarum
1097 3008 1176 3075 (in
1213 3009 1377 3064 codd.
1417 3009 1564 3064 enim
1602 3012 1689 3064 est
1723 3011 1871 3065 Inde
1918 3027 2019 3080 pro
2058 3010 2223 3080 Iudi)
2272 3012 2331 3064 et
2366 3027 2405 3064 a

373 3079 637 3133 Cicerone
673 3078 796 3148 ipso
836 3079 1217 3134 commendari
1252 3079 1563 3146 videi-etun
1600 3099 1730 3136 nam
1767 3081 1819 3134 V
1848 3086 1934 3138 27.
1972 3087 2037 3136 77
2078 3081 2275 3136 eodem
2312 3081 2404 3135 In-

374 3149 572 3204 dorum
609 3150 864 3218 exemplo
903 3150 978 3204 ad
1015 3150 1254 3204 eandem
1290 3167 1409 3204 rem
1446 3151 1795 3221 probandam
1839 3151 2031 3206 utitur.
2071 3181 2138 3192 —
2175 3151 2238 3206 P.
2276 3157 2401 3206 344.

375 3225 440 3274 19
488 3221 748 3290 quicquid
793 3226 871 3274 est
913 3220 1151 3290 Kayseri
1195 3222 1532 3277 auctoritate
1580 3221 1723 3277 Bait.
1773 3221 1858 3277 ed.
1906 3221 2178 3287 Tauchn.;
2230 3239 2283 3276 v.
2329 3221 2406 3276 ad

369 3307 426 3357 p.
458 3296 505 3343 7.
540 3296 621 3344 13.
659 3320 729 3331 -
764 3291 824 3344 Ρ.
854 3297 974 3346 345.
1007 3298 1076 3346 14
1111 3293 1223 3348 ista
1259 3292 1450 3360 codd.,
1496 3289 1675 3347 istaec*
1698 3292 1850 3359 edd.‚
1899 3291 1967 3347 cf.
2004 3309 2060 3361 p.
2091 3296 2175 3346 59.
2204 3297 2293 3346 22.
2332 3321 2405 3333 -

369 3359 430 3412 Ρ.
461 3365 581 3414 345.
612 3366 681 3415 20
717 3362 890 3428 plane
932 3377 1045 3416 non
1091 3364 1243 3417 recte
1289 3363 1551 3416 videntur
1586 3362 1923 3430 interpretes
1972 3361 2307 3431 explicasse3
2346 3380 2400 3418 v.

370 3429 445 3484 ad
484 3429 647 3498 Seyff.
686 3431 838 3486 Lael.
876 3449 930 3502 p.
973 3438 1089 3489 108.
1123 3464 1183 3473 —
1216 3432 1279 3487 P.
1311 3438 1431 3487 345.
1461 3435 1529 3486 25
1563 3431 1734 3487 Nunc
1770 3431 1959 3498 codd.,
1999 3431 2181 3501 Seyffi,
2218 3431 2403 3502 Hein.,

370 3499 578 3568 Sorof.‚
615 3500 787 3556 Hunc
832 3503 1120 3570 Wesenb.,
1166 3501 1343 3568 Bait,
1388 3502 1478 3556 Ne
1511 3501 1668 3570 Jeep.
1759 3501 1818 3554 Si
1855 3517 1991 3571 opus
2030 3504 2178 3556 esset
2215 3518 2404 3557 emen-

369 3569 622 3639 datione,
660 3572 888 3628 mallem
915 3573 1044 3628 Hic.
1073 3603 1147 3614 —
1171 3573 1233 3627 P.
1265 3577 1386 3627 345.
1416 3577 1484 3625 31
1523 3576 1678 3625 catus
1712 3571 1884 3641 Non.,
1921 3571 2175 3642 plerique
2218 3573 2404 3642 editt„

2572 3319 2575 3398 l
