2609 3884
365 166 493 229 126
688 164 788 220 DE
823 162 1116 225 FINIBUS
1150 162 1516 219 BONORUM
1550 162 1646 219 ET
1680 160 2051 217 MALORUM
2188 178 2199 186 ·

362 326 635 393 ducere?
733 325 1130 391 Invidiosum
1182 346 1421 390 nomen
1476 327 1602 409 est,
1663 323 1936 409 infame,
2000 328 2386 408 suspectum.

361 416 590 500 Itaque
632 416 758 481 hoc
800 414 1171 499 frequenter
1216 413 1345 478 dici
1392 413 1559 478 solet
1602 434 1643 477 a
1694 412 1910 498 vobiS,
1964 434 2097 478 non
2143 414 2389 478 intelle·

364 523 518 589 gere
579 525 726 587 noa,
789 524 985 587 quam
1048 502 1223 567 dicat
1284 500 1625 585 Epicurus·
1669 501 2088 586 voluptatem.
2204 500 2391 578 Quod

364 592 623 677 quidem
668 591 831 656 mihi
877 592 934 656 si
979 590 1236 675 quando
1282 590 1527 655 dictum
1573 592 1675 655 est
1716 588 1847 677 (est
1884 594 2100 655 autem
2148 588 2393 654 dictum

362 702 497 745 non
547 701 779 765 parum
834 676 1082 765 saepe),
1135 679 1260 744 etsi
1314 679 1475 743 satis
1534 678 1813 743 clemens
1862 700 2006 744 sum
2058 678 2132 742 in
2177 677 2393 763 dispu-
2399 701 2442 743 5

363 769 591 853 tando,
643 771 867 833 tamen
918 767 1245 832 interdum
1300 766 1479 832 soleo
1535 766 1871 832 subirasci.
1967 765 2199 851 Egone
2260 788 2396 833 non
2576 783 2579 903 1

365 857 705 942 intellego,
761 854 916 941 quid
969 856 1057 921 sit
1108 849 1324 939 ἡδονή
1380 852 1652 938 Graece,
1710 852 1937 919 Latine
1981 854 2395 943 voluptas?

362 949 577 1009 utram
620 943 885 1009 tandem
928 944 1221 1029 linguam
1263 942 1529 1009 nescio?
1575 942 1801 1008 deinde
1846 942 1958 1028 qui
1998 942 2102 1027 fit,
2145 946 2223 1006 ut
2271 964 2393 1028 ego

362 1034 678 1115 nesciam,
724 1032 934 1097 sciant
979 1052 1232 1116 omnes,
1285 1031 1672 1116 quicumque
1723 1029 2030 1115 Epicurei
2083 1052 2225 1095 esse
2281 1053 2395 1097 vo-

364 1120 668 1185 luerunt?
767 1117 952 1196 Quod
1004 1120 1204 1185 vestri
1257 1120 1519 1204 quidem
1574 1118 1679 1184 vel
1734 1119 1979 1203 optime
2034 1118 2393 1203 disputant,
2418 1144 2471 1183 ιο

362 1208 528 1274 nihil
592 1229 753 1292 opus
827 1229 968 1273 esse
1041 1229 1214 1292 eum,
1284 1207 1714 1292 philosophus
1788 1207 1903 1291 qui
1962 1206 2221 1271 futurus
2290 1209 2397 1290 sit,

367 1297 530 1361 scire
593 1297 865 1361 litterae.
979 1294 1084 1361 Ita
1086 1318 1208 1382 que
1269 1300 1349 1361 ut
1410 1297 1689 1361 maiores
1751 1294 1965 1360 nostri
2026 1294 2111 1359 ab
2174 1300 2396 1361 aratro

365 1385 764 1450 adduxerunt
817 1319 1276 1450 Cincinnatum
1330 1384 1548 1468 illum,
1602 1385 1677 1448 ut
1719 1383 2000 1449 dictator
2044 1387 2245 1467 esset,
2300 1385 2397 1449 sic

364 1495 479 1538 vos
534 1473 612 1539 de
675 1473 864 1559 pagis
931 1472 1231 1537 omnibus
1295 1472 1603 1557 colligitis
1657 1471 1862 1536 bonos
1916 1470 2066 1536 illos
2132 1433 2398 1555 quidem

263 1584 328 1632 13
365 1562 570 1646 viroS,
607 1560 721 1626 sed
756 1564 926 1626 certe
962 1582 1097 1625 non
1131 1559 1557 1644 pereruditos.
1627 1558 1805 1643 Ergo
1844 1559 1946 1623 illi
1981 1559 2396 1662 intellegunt,
2422 1585 2469 1626 ιε
2581 1555 2582 1621 l

365 1649 554 1734 quid
580 1648 900 1733 Epicurus
956 1648 1157 1732 dicat,
1224 1669 1348 1735 ego
1412 1670 1545 1713 non
1604 1647 1960 1733 intellego?
2065 1645 2160 1713 Ut
2224 1649 2395 1713 scias
2580 1648 2582 1699 Ψ

361 1760 466 1802 me
509 1738 731 1803 intelle
779 1758 911 1821 ere,
956 1737 1238 1821 primum
1281 1737 1457 1801 idem
1494 1758 1635 1801 esse
1680 1736 1823 1800 dico
1869 1736 2397 1821 voluptatem,

363 1826 538 1910 quod
572 1826 687 1890 ille
721 1788 1002 1908 ηὸονήν.
1064 1823 1156 1889 Et
1191 1825 1451 1910 quidem
1490 1844 1683 1907 saepe
1718 1824 2085 1907 quaerimus
2124 1824 2391 1889 verbum

362 1912 667 1978 Latinum
719 1935 843 1997 par
896 1912 1171 1996 Graece,
1227 1920 1290 1977 et
1342 1913 1513 1998 quod
1556 1911 1725 1976 idem
1771 1912 2013 1998 valeat3
2070 1911 2179 1977 hic
2223 1913 2395 1977 nihil
2582 1941 2584 2037 1

363 2002 512 2085 fuit,
585 2000 757 2085 quod
825 2022 1292 2084 quaereremuS.
1419 1999 1688 2066 Nullum
1769 2000 2047 2065 inveniri
2117 2002 2394 2066 verbum
2418 2028 2473 2068 zo
2583 2040 2584 2065 ι

362 2092 597 2173 potest,
633 2087 805 2173 quod
838 2089 1048 2174 magis
1085 2089 1256 2153 idem
1293 2088 1578 2153 declaret
1618 2087 1869 2172 Latine,
1914 2087 2087 2173 quod
2127 2086 2395 2173 Graece,

364 2198 563 2262 quam
626 2177 914 2242 declarat
974 2177 1361 2260 voluptas.
1467 2176 1638 2242 Huic
1699 2177 1898 2242 verbo
1963 2198 2215 2261 omneS,
2278 2180 2395 2262 qui

361 2264 598 2366 ubique
653 2268 831 2350 sunt,
885 2265 997 2350 qui
1057 2263 1289 2330 Latine
1354 2265 1591 2349 sciunt,
1653 2264 1813 2330 duas
1874 2286 1977 2330 res
2044 2264 2395 2350 subiciunt,

362 2348 682 2418 laetitiam
721 2353 794 2417 ιιι
827 2354 1086 2438 animo,
1131 2354 1636 2419 commotionem
1671 2374 1935 2418 suavem
1969 2353 2393 2419 iucunditatis

363 2441 434 2507 in
476 2462 764 2544 corpore.
832 2440 1009 2507 Nam
1056 2444 1124 2505 et
1157 2440 1272 2505 ille
1310 2440 1483 2525 apud
1517 2441 1839 2506 Trabeam
1885 2440 2473 2526 ‘voluptatemz

365 2530 607 2595 animi
666 2528 1009 2595 nimiam’
1071 2529 1399 2594 laetitiam
1451 2530 1611 2594 dicit
1662 2529 1959 2614 eandem,
2024 2552 2219 2615 quam
2276 2531 2394 2595 ille

366 2611 800 2702 CaecilianuS,
864 2618 976 2701 qui
1042 2616 1423 2683 omnibus
1478 2617 1821 2683 laetitiis
1876 2617 2183 2683 laetum'
2250 2640 2394 2683 esse

363 2727 432 2771 se
494 2709 736 2772 narrat.
845 2703 972 2771 Sed
1024 2704 1152 2771 hoc
1203 2706 1501 2785 interest,
1566 2704 1739 2791 quod
1790 2705 2092 2790 voluptas
2156 2706 2395 2773 dicitur

364 2794 562 2859 etiam
623 2796 695 2859 ιιι
757 2794 977 2859 animo
1040 2791 1309 2880 (vitiosa
1368 2816 1500 2878 res,
1564 2797 1639 2858 ut
1702 2792 1906 2859 Stoici
1958 2798 2222 2879 putant,
2279 2796 2395 2879 qui

363 2896 506 2947 eam
579 2882 671 2947 sic
744 2882 1083 2947 definiunt:
1157 2881 1593 2947 sublationem
1656 2883 1858 2947 animi
1930 2884 2069 2947 sine
2135 2884 2391 2948 ratione
2416 2910 2471 2951 ao

363 2969 718 3070 opinantis·
747 2991 818 3035 se
872 2990 1111 3071 magno
1165 2969 1340 3035 bono
1392 2968 1585 3056 frui),
1647 2992 1784 3035 non
1848 2970 2084 3036 dicitur
2136 2972 2395 3036 laetitia

259 3079 326 3128 ¹⁴²
359 3056 834 3242 3ῗὲωὲῗὲἓέ
859 3058 1481 3228 ιέᾌηξῗὲἕῗωέἲθ
1513 3060 2395 3232 ἓίηῗὲἷὲῗοέἑᾚῖἳρῗέἑ

361 3255 464 3318 ea,
521 3255 685 3318 quae
742 3252 1005 3297 sensum
1049 3234 1335 3318 aliquem
1379 3239 1665 3312 moveat,
1726 3235 2111 3300 iucunditas,
2200 3234 2393 3301 Hanc

359 3342 614 3405 quoque
658 3321 1151 3405 iucunditatem,
1206 3323 1263 3387 si
1305 3323 1434 3407 vis,
1479 3322 1759 3388 transfer
1801 3322 1871 3388 in
1917 3324 2232 3408 animum3
2279 3324 2394 3388 ιιι-
2416 3349 2469 3390 ss

359 3430 539 3473 vare
596 3409 769 3472 enim
823 3410 891 3473 ιιι
933 3412 1229 3494 utroque
1256 3410 1520 3495 dicitur,
1576 3432 1653 3475 ex
1702 3432 1907 3495 eoque
1949 3374 2392 3497 iucundum,

359 3496 554 3561 modo
600 3495 948 3581 intellegas
993 3497 1162 3561 inter
1206 3498 1419 3578 illum,
1466 3498 1577 3582 qui
1622 3499 1825 3564 dicat.
