2609 3884
395 144 524 208 112
722 143 821 199 DE
857 142 1148 221 meus
1181 141 1546 199 BONORUM
1576 141 1674 198 ΕΤ
1708 140 2073 197 MALORUM

390 305 569 383 Quae
623 308 842 370 autem
895 307 1084 369 tanta
1137 326 1216 369 ex
1268 304 1583 388 improbis
1637 303 1843 381 factis·
1884 302 1964 367 ad
2025 302 2407 367 minuendas

387 394 563 458 vitae
607 391 939 457 molestias
985 393 1270 458 accessio
1304 395 1523 476 potest
1555 392 1723 475 fieri,
1765 393 2008 475 quanta
2053 390 2136 455 ad
2172 411 2407 475 augen-

391 481 533 565 das,
595 501 741 546 cum
805 480 1202 545 conscientia
1270 480 1625 565 factorum,
1694 484 1837 543 tum
1907 499 2114 562 poena
2184 478 2409 563 legum

390 569 664 655 odioque
719 568 998 634 civium?
1097 567 1189 633 Et
1239 571 1463 633 tamen
1505 568 1576 632 in
1605 530 2006 669 quibusdam
2048 588 2253 652 neque
2300 587 2409 650 pe-

390 657 616 723 cuniae
678 655 905 721 modus
970 659 1070 721 est
1129 676 1336 739 neque
1398 655 1665 721 honoris
1719 676 1925 739 neque
1976 654 2233 738 imperii
2292 676 2410 719 nec
2435 678 2461 717 5

387 744 730 809 libidinum
782 765 901 809 nec
955 744 1291 826 epularum
1345 764 1465 809 nec
1518 743 1911 827 reliquarum
1965 743 2413 827 cupiditatum,

390 854 552 935 qua-s
605 833 786 897 nulla
838 830 1079 915 praeda
1130 854 1439 916 umquam
1494 832 1787 916 improbe
1840 833 2031 915 parta
2079 829 2317 895 minuit
2358 836 2417 895 et

390 920 608 1004 potius
648 919 1037 1003 inflammat,
1080 922 1158 984 ut
1193 919 1527 1001 coercendi
1564 919 1771 1003 magis
1818 940 2012 1003 quam
2058 918 2413 984 dedocendi

221 1008 238 1023 “
287 1028 354 1076 52
393 1030 533 1073 esse
585 1007 943 1072 videantur.
1039 1004 1285 1071 Invitat
1338 1007 1539 1093 igitur
1591 1028 1744 1072 vera
1786 1007 1953 1072 ratio
2007 1006 2171 1074 bene
2218 1028 2414 1071 sanos

394 1096 476 1160 ad
525 1095 873 1177 iustitiam,
927 1095 1346 1179 aequitatem,
1402 1095 1615 1161 fidem.
1709 1092 1936 1179 Neque
1998 1094 2255 1159 homini
2318 1096 2415 1159 in·
2443 1119 2493 1157 ιο

390 1182 562 1247 fanti
617 1186 730 1247 aut
781 1182 1124 1265 impotenti
1177 1183 1417 1247 iniuste
1472 1182 1651 1247 facta
1694 1183 2084 1265 conducunt,
2135 1182 2249 1267 qui
2293 1203 2415 1247 nec

391 1269 583 1335 facile
637 1269 888 1334 efficere
940 1270 1178 1353 possit,
1232 1271 1405 1354 quod
1460 1274 1755 1353 conetur,
1806 1291 1927 1335 nec
1978 1270 2299 1353 obtinere,
2357 1271 2416 1335 si

395 1358 702 1443 effecerit,
754 1362 822 1422 et
875 1378 1030 1440 opes
1083 1359 1189 1423 vel
1229 1358 1530 1423 fortunae
1582 1357 1686 1424 vel
1729 1357 1975 1441 ingenii
2026 1357 2416 1423 liberalitati

394 1446 606 1530 magis
669 1446 1084 1531 conveniunt,
1123 1451 1276 1531 'qua
1347 1447 1459 1529 qui
1522 1449 1819 1529 ut1mtur,
1900 1444 2416 1511 benivolentiam

395 1533 523 1598 sibi
568 1534 915 1598 conciliant
959 1536 1049 1618 et,
1104 1533 1273 1617 quod
1320 1534 1732 1617 aptissimum
1781 1536 1883 1598 est
1926 1533 2010 1599 ad
2056 1534 2271 1618 quiete
2318 1534 2416 1598 vi-
2442 1557 2493 1597 15

392 1620 694 1710 vendum‚
751 1621 1116 1704 caritatem,
1168 1623 1551 1705 praesertim
1596 1644 1742 1687 cum
1791 1621 2051 1687 omnino
2096 1622 2282 1687 nulla
2328 1622 2417 1687 sit

288 1726 356 1779 53
397 1703 590 1775 causa
634 1709 960 1793 peccandi.
1052 1708 1230 1785 Quae
1278 1710 1449 1774 enim
1493 1710 1878 1793 cupiditates
1916 1732 1956 1774 a
1988 1711 2224 1775 natura
2265 1731 2415 1793 pro·

392 1798 792 1881 ficiscuntur,
853 1796 1043 1861 facile
1108 1797 1447 1897 explentur
1510 1798 1649 1862 sine
1710 1798 1848 1862 ulla
1908 1797 2172 1881 iniuria,
2246 1819 2416 1899 quae

393 1888 608 1950 autem
653 1886 879 1949 inanes
927 1888 1104 1969 sunt,
1148 1884 1228 1949 iis
1273 1885 1625 1969 parendum
1662 1906 1794 1987 non
1829 1887 1946 1950 est.
2016 1884 2202 1950 Nihil
2240 1886 2417 1950 enim

392 1972 812 2049 desiderabile
859 1971 1353 2055 concupiscunt,
1401 1973 1676 2058 plusque
1718 1973 1789 2038 in
1832 1973 1979 2056 ipsa
2022 1973 2262 2038 iniuria
2309 1974 2415 2039 de·
2442 1998 2491 2037 20

392 2052 680 2124 trimenti
726 2062 826 2123 est
863 2080 1052 2177 quam
1088 2060 1157 2123 in
1201 2060 1281 2124 iis
1319 2061 1513 2125 rebus
1550 2061 1998 2145 emolumenti,
2043 2082 2206 2146 quae
2242 2062 2418 2164 pari-

392 2150 592 2213 untur
636 2145 891 2212 iniuria.
937 2144 1205 2230 Itaque
1249 2169 1332 2212 ne
1377 2148 1697 2214 iustitiam
1742 2148 2003 2233 quidem
2047 2152 2222 2214 recte
2268 2151 2417 2233 quis

395 2234 630 2299 dixerit
671 2255 788 2318 per
833 2256 901 2299 se
947 2234 1158 2317 ipsam
1205 2235 1586 2321 optabilem,
1640 2236 1753 2301 sed
1799 2237 1950 2320 quia
1990 2236 2416 2302 iucunditatis

392 2322 496 2388 vel
557 2321 905 2405 plurimum
969 2320 1212 2387 afferat.
1344 2322 1518 2389 Nam
1593 2324 1781 2409 diligi
1842 2329 1909 2388 et
1980 2346 2199 2390 carum
2273 2347 2417 2391 esse

392 2409 740 2475 iucundum
777 2413 878 2475 est
911 2414 1272 2493 propterea,
1310 2412 1459 2494 quia
1494 2412 1802 2477 tutiorem
1837 2413 2044 2477 vitam
2078 2416 2145 2477 et
2183 2413 2415 2497 volup·
2444 2439 2493 2478 25

391 2501 648 2563 tatum
675 2498 1034 2582 pleniorem
1107 2498 1322 2562 efficit.
1436 2496 1666 2583 Itaque
1725 2520 1856 2565 non
1922 2500 2007 2565 ob
2062 2522 2140 2566 ea
2197 2502 2416 2566 solum

392 2586 828 2670 incommoda,
884 2606 1046 2669 quae
1102 2586 1409 2651 eveniunt
1460 2586 1804 2672 improbis,
1863 2588 2237 2673 fugiendam
2290 2589 2417 2653 im·

391 2674 786 2783 probitatem
839 2677 1145 2757 putamus
1152 2723 1172 2758 ,
1228 2674 1340 2738 sed
1392 2675 1601 2739 multo
1658 2675 1856 2741 etiam
1919 2696 2129 2761 magis
2137 2725 2157 2759 ‚
2222 2676 2415 2778 quod,

393 2762 572 2826 cuius
605 2766 676 2825 ἰιι
714 2761 931 2826 animo
971 2764 1286 2841 versatur,-
1318 2783 1673 2846 numquam
1704 2762 1865 2828 sinit
1892 2785 2038 2828 eum
2072 2765 2417 2849 respirare,

288 2868 358 2917 54
393 2870 745 2933 numquam
809 2848 1226 2949 acquiescere.
1336 2849 1580 2951 Quodsi
1652 2872 1736 2916 ne
1798 2852 2087 2934 ipsarum
2151 2852 2419 2937 quidem
2444 2878 2494 2919 ιο

391 2937 707 3002 virtutum
749 2936 921 3019 laUS,
964 2936 1035 3000 ιιι
1080 2957 1208 3020 qua
1251 2938 1529 3003 maxime
1574 2942 1934 3004 ceterorum
1987 2939 2417 3023 philosopho-

391 3045 538 3089 rum
583 3024 868 3088 exsultat
903 3023 1138 3103 oratio,
1181 3025 1463 3108 reperire
1504 3026 1747 3091 exitum
1792 3030 2037 3111 potest,
2080 3027 2212 3092 nisi
2254 3028 2423 3091 deri·

393 3115 586 3195 gatur
641 3111 722 3175 ad
775 3110 1209 3194 voluptatem,
1263 3113 1561 3196 voluptas
1618 3117 1834 3179 autem
1880 3117 1981 3179 est
2024 3114 2191 3199 sola,
2249 3138 2421 3199 quae

390 3220 511 3264 nos
559 3202 746 3263 vocet
789 3197 872 3263 ad
919 3220 987 3262 se
1034 3203 1101 3263 et
1146 3199 1391 3264 alliciat
1437 3203 1663 3284 suapte
1707 3205 1967 3286 natura,
2011 3223 2143 3267 non
2193 3208 2421 3286 potest

393 3308 532 3351 esse
589 3284 880 3369 dubium,
937 3287 1092 3370 quin
1153 3287 1223 3351 id
1274 3288 1367 3352 sit
1430 3310 1753 3353 summum
1807 3294 2000 3374 atque
2055 3294 2419 3356 extremum
2444 3316 2493 3357 ³5

391 3373 710 3439 bonorum
756 3374 1069 3478 omnium,
1114 3374 1429 3459 beateque
1473 3376 1686 3442 vivere
1728 3376 1898 3443 nihil
1942 3376 2121 3442 aliud
2158 3379 2251 3443 sit
2284 3380 2420 3445 nisi

393 3481 536 3525 cum
579 3461 910 3547 voluptate
955 3463 1186 3528 vivere.
