2609 3884
567 125 704 180 LIB.
741 125 809 182 Π.
868 125 1023 184 CAP.
1062 132 1293 186 41—43.
1352 133 1382 195 ξ
1427 136 1723 191 128—133.
2085 132 2165 200 79

123 287 276 352 finis
328 309 477 352 esse
528 285 831 372 Callipho
880 289 1155 374 censuit,
1200 313 1432 356 vacare
1471 293 1648 357 omni
1683 295 1982 360 molestia
2016 295 2169 362 Hie-

124 397 480 459 ronymus,
544 375 669 440 hoc
730 377 902 441 idem
957 398 1102 442 cum
1156 377 1500 445 honestate
1553 381 1878 447 Diodorus
1887 433 1905 466 ‚
1971 384 2166 449 ambo

124 463 194 527 hi
248 463 717 548 Peripatetici3
783 464 1055 544 honeste
1103 470 1319 532 autem
1366 468 1582 534 vivere
1619 469 1937 534 fruentem
1973 472 2166 536 rebus

124 550 224 635 iis,
274 573 451 636 quas
488 552 735 635 primas
781 552 1033 617 homini
1067 559 1303 619 natura
1331 557 1650 638 conciliet,
1696 561 1762 622 et
1788 563 1973 623 vetus
2000 558 2167 623 Aca-

84 666 105 704 5
129 639 355 704 demia
400 640 685 724 censuit,
746 645 820 704 ut
870 640 1165 707 indicant
1219 643 1466 727 scripta
1517 645 1884 711 Polemonis
1893 695 1912 729 ,
1977 668 2168 730 quem

126 727 512 793 Antiochus
556 727 797 812 probat
822 729 1123 813 maxime,
1168 735 1234 795 et
1264 732 1651 798 Aristoteles
1679 733 1942 818 eiusque
1973 734 2168 799 amici

126 815 257 880 huc
329 815 627 899 proxime
680 816 982 882 videntur
1046 819 1362 885 accedere.
1451 820 1913 887 Introducebat
1968 821 2167 886 etiam

128 902 533 988 CarneadeS,
574 926 711 970 non
738 926 865 990 quo
909 907 1234 992 probaret,
1280 909 1391 973 sed
1427 913 1502 974 ut
1529 913 1887 994 opponeret
1913 907 2165 994 Stoicis,

129 1015 473 1059 summum
516 993 760 1058 bonum
806 1015 945 1058 esse
989 994 1120 1059 frui
1162 996 1356 1061 rebus
1401 996 1503 1081 iis,
1549 1019 1708 1080 quas
1755 997 2003 1082 primas
2049 1020 2172 1063 na-

68 1109 106 1148 10
127 1087 291 1148 tura
340 1081 838 1147 conciliavisset.
926 1082 1219 1148 Honeste
1266 1088 1482 1150 autem
1528 1086 1770 1168 vivere,
1828 1085 1999 1171 quod
2054 1087 2172 1151 du-

137 1177 339 1238 catur
412 1193 453 1236 a
525 1169 977 1237 conciliatione
1047 1177 1349 1257 naturae,
1420 1173 1594 1238 Zeno
1668 1175 1900 1238 statuit
1970 1176 2167 1240 finem

138 1283 290 1326 esse
336 1260 672 1342 bonorum,
717 1259 831 1345 qui
872 1260 1170 1325 inventor
1199 1265 1263 1325 et
1296 1260 1596 1346 princeps
1625 1260 1990 1328 Stoicorum
2024 1263 2168 1327 fuit.
2185 1299 2278 1364 43

278 1348 428 1413 Iam
500 1347 663 1412 illud
715 1348 1129 1432 perspicuum
1182 1353 1310 1432 est,
1370 1350 1666 1415 omnibus
1725 1350 1829 1415 his
1883 1351 2123 1416 finibus
2172 1389 2282 1439 182

135 1438 498 1519 bonorum,
542 1457 703 1520 quos
763 1437 1057 1520 exposui,
1114 1437 1437 1502 malorum
1480 1439 1640 1502 fines
1687 1460 1826 1504 esse
1871 1443 2123 1504 contra-

70 1551 113 1592 15
138 1526 302 1591 rios.
395 1525 503 1589 Ad
564 1545 683 1589 vos
744 1546 917 1589 nunc
968 1525 1206 1609 refero,
1268 1547 1459 1609 quem
1515 1547 1772 1611 sequar,
1840 1526 2033 1591 modo
2087 1548 2170 1591 ne

140 1615 294 1698 quis
356 1612 524 1677 illud
576 1617 713 1677 tam
774 1612 1163 1678 ineruditum
1220 1614 1695 1698 absurdumque
1748 1613 2166 1697 respondeat:

143 1700 574 1784 ‘Quemlibet,
632 1701 824 1766 modo
871 1700 1193 1785 aliquem?
1283 1700 1472 1767 Nihil
1515 1705 1736 1785 potest
1781 1702 1907 1766 dici
1951 1701 2173 1766 incon·

146 1789 521 1855 sideratiuS.
594 1785 800 1874 Cupio
849 1790 1031 1872 sequi
1069 1788 1341 1855 Stoicos.
1412 1789 1678 1855 Licetne
1723 1787 1985 1875 (omitto
2033 1789 2181 1873 ‘per‘

148 1874 621 1961 Aristotelem',
668 1899 810 1941 meo
856 1876 1095 1943 iudicio
1139 1877 1210 1942 in
1252 1878 1674 1962 philosophia
1716 1899 1916 1961 prope
1954 1877 2179 1962 singu·-

77 1992 124 2032 20
149 1965 389 2050 larem)
433 1987 552 2050 per
594 1966 807 2049 ipsum
850 1964 1291 2031 Antiochum?
1353 1967 1465 2050 qui
1509 1965 1964 2050 appellabatur
2007 1964 2179 2030 Aca-

152 2055 460 2137 demicus,
505 2057 645 2117 erat
688 2053 967 2137 quidem,
1015 2054 1071 2118 si
1114 2075 1439 2138 perpauca
1474 2054 1878 2136 mutavisset,
1922 2074 2174 2138 germa-

150 2143 464 2208 nissimus
530 2139 803 2208 Stoicus,
882 2140 1032 2205 Erit
1092 2142 1297 2226 igitur
1341 2163 1444 2206 res
1489 2142 1620 2206 iam
1663 2142 1733 2207 in
1779 2141 2182 2228 discrimine3

152 2253 310 2295 nam
374 2233 489 2294 aut
535 2228 788 2295 Stoicus
836 2230 1267 2295 constituatur
1332 2230 1589 2314 sapiens
1643 2251 1873 2296 necesse
1917 2235 2004 2296 est
2065 2234 2187 2294 aut,

154 2319 398 2383 veteris
445 2316 859 2401 Academiae3
929 2321 1273 2402 utrumque
1334 2340 1468 2384 non
1524 2321 1767 2402 potest3
1841 2321 1942 2382 est
2005 2319 2184 2382 enim.

88 2431 132 2472 25
156 2408 331 2471 inter
388 2427 501 2471 eos
551 2428 683 2471 non
740 2407 817 2470 de
872 2406 1194 2488 terminis,
1257 2405 1372 2470 sed
1433 2407 1512 2470 de
1563 2409 1710 2471 tota
1770 2407 2187 2489 possessione

159 2494 514 2560 contentio.
601 2493 773 2559 Nam
820 2494 1029 2558 omnis
1074 2494 1245 2559 ratio
1290 2494 1462 2558 vitae
1521 2493 1894 2558 definitione
1941 2493 2180 2557 summi

158 2583 321 2648 boni
367 2581 762 2665 continetur,
816 2581 896 2647 de
941 2603 1069 2666 qua
1114 2583 1225 2666 qui
1271 2582 1615 2665 dissident,
1661 2581 1740 2645 de
1785 2580 1962 2646 omni
2003 2579 2184 2643 vitae

158 2671 415 2735 ratione
462 2670 797 2735 dissident.
882 2669 1039 2735 Non
1081 2673 1302 2754 potest
1357 2671 1563 2755 igitur
1605 2671 1874 2751 uterque
1906 2688 2046 2731 esse
2085 2688 2188 2731 sa-

157 2761 367 2848 piens,
384 2758 689 2843 quoniam
732 2761 922 2823 tanto
968 2779 1160 2842 opere
1207 2757 1626 2841 dissentiunt,
1679 2754 1793 2820 sed
1839 2756 2018 2820 alter.
2110 2753 2180 2819 Si

97 2871 139 2912 ω
161 2847 614 2929 PolemoneuS,
657 2849 886 2930 peccat
932 2843 1183 2911 Stoicus
1229 2846 1324 2911 rei
1367 2846 1574 2910 falsae
1604 2844 1969 2909 adsentiens
1998 2841 2181 2929 (nam

164 2956 283 3000 vos
328 2934 588 3018 quidem
612 2933 781 2998 nihil
808 2955 949 2998 esse
996 2934 1210 2999 dicitis
1250 2956 1291 2998 a
1319 2933 1614 3017 sapiente
1656 2935 1795 2996 tam
1841 2929 2184 3018 alienum);

166 3023 272 3086 sin
315 3043 473 3086 vera
526 3025 677 3086 sunt
722 3021 1025 3102 ZenoniS,
1077 3022 1299 3086 eadem
1355 3021 1425 3085 in
1468 3025 1715 3086 veteres
1761 3018 2184 3085 Academicos

167 3109 765 3195 Peripateticosque
836 3109 1119 3174 dicenda.
1217 3108 1347 3172 Hie
1406 3109 1609 3194 igitur
1668 3109 1885 3173 neutri
1957 3107 2184 3171 adsen-

167 3199 366 3281 tiens,
411 3197 470 3262 si
513 3219 893 3281 numquam,
945 3201 1091 3261 uter
1132 3197 1219 3262 sit
1257 3197 1532 3280 sapiens,
1585 3196 1929 3279 adparebit,
1985 3213 2188 3260 nonne

102 3310 145 3351 35
168 3291 423 3368 utroque
474 3288 575 3350 est
633 3284 1054 3368 prudentior?
1126 3283 1338 3359 Quid?
1383 3307 1530 3350 cum
1583 3285 1729 3368 ipse
1777 3282 2139 3348 Antiochus
2163 3301 2295 3351 ,133

172 3373 479 3439 dissentit
505 3373 892 3457 quibusdam
936 3373 1008 3436 in
1051 3373 1243 3437 rebus
1291 3373 1374 3437 ab
1419 3372 1545 3456 his,
1590 3393 1756 3455 quos
1791 3373 1986 3453 amat,
2022 3368 2187 3434 Stoi-

175 3463 292 3547 cis,
351 3482 566 3526 nonne
616 3461 861 3526 indicat
910 3483 1045 3526 non
1096 3481 1289 3545 posse
1333 3460 1451 3525 illa
1473 3530 1478 3533 ,
1504 3458 1844 3544 probanda
1887 3477 2029 3522 esse
2085 3477 2188 3520 sa-
