2609 3884
353 168 482 233 334
743 165 1344 223 TUSCULANARUM
1376 163 1983 220 DISPUTATIONUM

354 330 677 414 odiosum,
732 333 958 395 contra
1008 333 1312 393 naturam
1369 327 1619 412 dicunt,
1675 348 1795 392 nee
1838 330 2061 391 tamen
2111 327 2375 392 malum.

351 419 504 503 Hic,
551 418 662 503 qui
707 419 919 484 solum
964 417 1090 482 hoc
1134 417 1377 482 malum
1422 415 1579 481 dicit
1623 419 1689 480 et
1726 416 2047 481 malorum
2082 415 2376 480 omnium

252 521 317 572 18
355 509 741 592 extremum,
785 506 1146 589 sapientem
1192 508 1412 569 censet
1455 504 1524 568 id
1570 525 1767 569 suave
1811 504 2149 569 dicturum.
2227 503 2377 589 Ego

354 619 393 662 a
438 599 504 660 te
547 617 680 660 non
724 595 1013 679 postulo,
1062 596 1139 658 ut
1194 592 1487 658 dolorem
1532 592 1775 657 eisdem
1823 591 2042 657 verbis
2088 591 2379 676 adficias,

354 685 588 770 quibus
642 681 966 767 Epicurus
1021 682 1479 766 [voluptatem]
1490 730 1509 765 ,
1553 680 1777 765 homo,
1820 683 1897 746 ut
1942 681 2094 766 scis,
2150 681 2377 765 volup·
2404 705 2436 744 ⁵

353 773 576 838 tarius.
676 770 798 836 Ille
857 770 1094 836 dixerit
1155 791 1310 835 sane
1372 769 1543 833 idem
1603 769 1677 834 in
1736 768 2103 834 Phalaridis
2168 771 2380 848 taum,

355 860 555 946 quod,
599 860 655 925 si
702 863 872 925 esset
914 861 984 924 in
1027 858 1296 943 lectulo;
1344 878 1465 942 ego
1508 859 1764 922 tantam
1798 857 1933 922 vim
1972 879 2109 924 non
2152 857 2379 922 tribuo

356 949 712 1032 sapientiae
749 950 975 1013 contra
1011 947 1318 1012 dolorem.
1392 943 1462 1010 Si
1495 945 1689 1011 fortis
1727 948 1829 1011 est
1862 947 1933 1009 in
1975 945 2380 1030 perferendo,

355 1037 569 1103 officio
600 1037 760 1101 satis
790 1039 917 1121 est3
951 1039 1027 1099 ut
1062 1035 1344 1100 laetetur
1379 1034 1595 1118 etiam,
1629 1056 1765 1100 non
1790 1036 2071 1119 postulo.
2134 1032 2379 1099 Tristis

356 1126 526 1190 enim
581 1146 686 1190 res
732 1123 1016 1189 estsine
1061 1122 1286 1207 dubio,
1344 1143 1601 1207 aspera,
1660 1144 1909 1208 amara,
1952 1122 2218 1186 inimica
2260 1143 2381 1186 na·
2409 1146 2463 1184 ιο

253 1228 316 1278 19
353 1217 567 1296 turae,
613 1212 694 1276 ad
738 1211 1116 1295 patiendum
1158 1211 1698 1295 tolerandumque
1742 1210 2048 1277 difficilis.
2134 1210 2381 1293 Aspice

353 1300 811 1382 Philoctetam,
885 1301 989 1364 cui
1063 1299 1539 1366 concedendum
1608 1303 1709 1364 est
1778 1299 2089 1384 gementi3
2160 1298 2380 1382 ipsum

354 1388 527 1453 enim
571 1388 917 1454 Herculem
963 1388 1214 1453 viderat
1255 1389 1327 1452 in
1374 1386 1539 1458 Oeta
1584 1387 2032 1472 magnitudine
2078 1385 2381 1452 dolorum

355 1477 720 1557 eiulantem.
792 1477 980 1544 Nihil
1023 1476 1227 1561 igitur
1269 1475 1442 1541 hunc
1476 1477 1691 1541 virum
1726 1477 2037 1561 sagittae,
2081 1496 2243 1560 quas
2294 1476 2378 1540 ab

352 1564 628 1630 Hercule
677 1568 1037 1649 acceperat,
1081 1567 1223 1629 tum
1270 1565 1711 1648 consolantur,
1758 1585 1904 1629 cum
2408 1588 2459 1628 ιε

439 1688 496 1753 Ε
545 1687 896 1773 viperino
943 1689 1200 1754 morsu
1245 1710 1479 1752 venae
1524 1685 1906 1758 viscerum

441 1775 760 1843 Veneno
806 1777 1128 1842 inbutae
1173 1777 1473 1841 taetros
1521 1776 1911 1841 eruciatus
1959 1776 2177 1842 cient.

350 1899 579 1985 Itaque
624 1901 948 1966 exclamat
994 1899 1303 1965 auxilium
1351 1902 1678 1984 expetens,
1724 1900 1892 1966 mori
1938 1899 2229 1983 cupiens:

439 2021 628 2087 Heu!
675 2021 808 2107 qui
847 2021 1081 2088 salsis
1126 2020 1509 2087 fluctibus
1558 2022 1864 2088 mandet

439 2108 556 2174 Me
603 2131 691 2174 ex
735 2110 1073 2175 sublimo
1125 2109 1415 2175 vertice
1462 2109 1674 2175 saxi?
2406 2134 2459 2174 ευ

440 2197 602 2262 Iam
646 2198 800 2262 iam
847 2198 1233 2281 absumor,
1278 2195 1605 2263 conficit
1641 2199 1966 2264 animam

528 2283 668 2350 Vis
714 2285 1085 2368 volneriS,
1131 2285 1416 2350 ulceris
1464 2287 1746 2352 aestus.

351 2407 634 2474 Difficile
673 2408 848 2474 dictu
883 2408 1138 2474 videtur
1175 2431 1320 2474 eum
1356 2431 1490 2475 non
1524 2410 1595 2474 in
1622 2411 1797 2476 malo
1838 2432 1997 2496 esse,
2033 2414 2099 2476 et
2132 2431 2377 2497 magno

355 2497 640 2583 quidem,
686 2498 797 2581 qui
841 2497 938 2564 ita
981 2497 1261 2562 clamare
1310 2502 1595 2583 cogatur.

247 2557 315 2684 280
487 2584 614 2652 Sed
666 2585 997 2651 videamus
1059 2585 1407 2652 Herculem
1470 2587 1712 2670 ipsum,
1775 2587 1887 2670 qui
1948 2590 2091 2652 tum
2154 2587 2381 2655 dolore
2408 2609 2459 2650 85

351 2674 793 2760 frangebatur,
832 2697 977 2740 cum
1012 2674 1550 2740 inmortalitatem
1586 2675 1732 2757 ipsa
1759 2678 1966 2740 morte
2005 2677 2381 2760 quaerebat.

355 2762 526 2840 Quas
582 2763 689 2827 hic
743 2784 930 2828 voces
983 2762 1156 2848 apud
1211 2760 1599 2847 Sophoclem
1654 2762 1725 2826 in
1782 2761 2150 2829 Trachiniis
2216 2765 2379 2831 edit!

355 2851 458 2915 cui
504 2871 648 2915 cum
692 2850 1001 2916 Deianira
1046 2851 1364 2935 sanguine
1411 2848 1721 2916 Centauri
1764 2850 2041 2916 tinctam
2086 2853 2381 2918 tunicam

353 2936 672 3002 induisset
715 2937 1228 3024 inhaesissetque
1276 2961 1353 3005 ea
1397 2937 1777 3017 visceribus,
1828 2939 1925 3004 ait
1966 2940 2107 3005 ille:

440 3058 496 3124 Ο
542 3059 784 3124 multa
831 3059 1041 3125 dictu
1086 3061 1383 3146 gravia,
1428 3083 1797 3146 perpessu
1843 3063 2146 3149 aspera,
2404 3085 2457 3124 80

442 3146 646 3223 Quae
683 3149 1001 3231 corpore
1040 3150 1451 3214 exanclata
1488 3154 1721 3235 atque
1758 3151 2013 3216 animo
2050 3153 2376 3235 pertuli!

440 3235 596 3302 Nec
640 3233 827 3300 mihi
874 3233 1188 3301 Iunonis
1233 3239 1489 3302 terror
1533 3238 2043 3323 inplacabilis

439 3321 598 3387 Nec
642 3323 941 3387 tantum
987 3324 1285 3390 invexit
1331 3323 1590 3390 tristis
1626 3325 2113 3411 Eurystheus
2161 3329 2384 3411 mali,

441 3408 826 3485 Quantum
869 3415 1020 3476 lina
1063 3434 1384 3478 vaecors
1430 3411 1664 3478 Genei
1707 3418 1936 3498 partu
1980 3415 2209 3480 edita.

438 3496 644 3564 Haec
688 3519 802 3564 me
845 3497 1210 3564 inretivit
1254 3502 1468 3564 veste
1513 3500 1787 3566 furiali
1828 3499 2182 3582 inscium,
2404 3523 2452 3564 ³5
