2609 3884
726 166 863 222 LIB.
899 167 969 224 Π.
1028 165 1182 224 CAP.
1221 173 1395 224 2—4.
1449 172 1481 234 ξ
1518 173 1727 224 6-10.
2142 169 2230 234 25

207 331 276 391 et
333 348 474 410 608,
533 328 644 412 (1111
700 349 767 392 86
823 329 987 393 86116
1045 328 1473 413 arbitrantur,
1534 330 1885 414 quidquam
1945 328 2234 414 interest,

204 416 338 480 nisi
394 415 564 499 quod
617 416 718 482 illi
762 437 894 482 non
955 415 1284 500 dubitant,
1341 418 1495 501 quin
1540 438 1615 482 ea
1658 439 1812 482 vera
1856 418 2011 500 sint,
2068 438 2231 501 quae

207 503 588 586 defendunt,
631 526 750 569 nos
795 504 1166 606 probabilia
1201 504 1415 569 multa
1451 504 1793 588 habemus,
1838 526 2005 589 quae
2048 506 2233 590 sequi

206 591 430 674 facile,
475 591 817 656 adfirmare
877 593 986 657 vix
1029 614 1400 677 possumus3
1453 593 1578 659 hoc
1634 597 1852 658 autem
1896 592 2233 660 liberiores

151 706 180 748 5
213 682 281 744 et
327 679 672 744 solutiores
720 702 967 764 sumus,
1015 679 1184 781 quod
1227 681 1486 776 integra
1527 681 1717 746 nobis
1764 686 1865 746 est
1908 681 2235 747 iudicandi

207 770 534 851 potestas,
587 789 734 852 nec,
788 771 864 833 ut
919 768 1164 846 omnia,
1229 790 1395 853 (11186
1457 769 1859 853 praescripta
1921 773 1988 834 et
2050 769 2235 853 quasi

204 856 534 939 imperata
591 856 747 939 sint,
805 855 1251 939 defendamuS,
1303 857 1690 922 necessitate
1743 857 1881 922 ulla
1924 858 2235 941 cogimur.

207 941 389 1008 Nam
427 944 623 1008 ceteri
649 943 930 1028 primum
967 948 1118 1010 ante
1146 948 1448 1010 tenentur
1484 945 1797 1028 adstricti,
1833 965 2044 1029 quam,
2082 945 2237 1030 quid

211 1035 388 1097 esset
423 1031 760 1116 optimum,
795 1032 1079 1098 iudicare
1114 1036 1495 1117 potuerunt3
1532 1033 1756 1098 deinde
1790 1033 2234 1098 infirmissimo

127 1149 184 1188 ιο
211 1124 510 1203 tempore
557 1121 792 1185 aetatis
840 1124 953 1192 aut
998 1120 1290 1186 obsecuti
1348 1122 1554 1187 amico
1602 1121 1888 1205 cuipiam
1942 1125 2055 1186 aut
2109 1143 2238 1186 una

207 1208 516 1292 8116111118,
571 1230 763 1308 quem
815 1209 1096 1292 primum
1156 1209 1523 1294 audierunt,
1575 1209 1867 1274 oratione
1926 1210 2101 1293 capti
2158 1209 2237 1273 de

208 1297 409 1362 rebus
473 1296 818 1381 incognitis
883 1297 1170 1362 iudicant
1233 1301 1325 1380 et,
1390 1297 1473 1362 ad
1547 1317 2013 1381 quamcumque
2086 1300 2239 1362 sunt

211 1383 628 1468 disciplinam
674 1384 859 1468 quasi
903 1388 1291 1468 tempestate
1329 1385 1545 1469 delati,
1591 1385 1672 1450 ad
1714 1406 1859 1450 eam
1902 1389 2236 1486 tamquam

213 1473 300 1538 ad
365 1494 593 1537 saxum
664 1472 1150 1538 adhaerescunt.
1263 1471 1462 1556 Nam,
1517 1473 1687 1558 quod
1742 1473 1964 1538 dicunt
2018 1473 2237 1538 omnia

129 1588 184 1629 15
217 1581 288 1626 se
347 1561 600 1624 credere
653 1560 738 1644 61,
793 1581 985 1645 (1116111
1037 1560 1327 1626 iudicent
1379 1561 1581 1627 fuisse
1638 1561 2023 1644 sapientem,
2091 1583 2236 1645 pro-

213 1650 462 1726 barem,
499 1649 556 1712 si
592 1647 713 1712 id
694 1671 908 1733 ipsum
943 1649 1134 1714 rudes
1169 1653 1234 1714 et
1269 1649 1515 1715 indocti
1550 1650 1838 1714 iudicare
1871 1651 2239 1732 potuissent

217 1733 536 1822 (statuere
589 1737 789 1821 enim,
845 1737 955 1822 qui
1010 1737 1098 1802 sit
1151 1737 1437 1821 sapiens,
1494 1738 1599 1802 vel
1651 1737 1931 1802 maxime
1986 1737 2240 1802 videtur

217 1846 362 1890 esse
409 1821 778 1911 sapientis);
831 1825 968 1909 sed,
1021 1827 1098 1890 ut
1136 1826 1477 1909 potuerint,
1532 1828 1884 1909 potuerunt
1940 1825 2238 1890 omnibus

215 1914 411 1978 rebus
477 1913 738 1997 auditis,
819 1913 1098 1998 cognitis
1162 1914 1377 1979 etiam
1424 1915 1817 1999 reliquorum
1882 1913 2240 2014 sententiis,

134 2033 189 2072 20
217 2001 666 2066 iudicaverunt
705 2004 922 2066 autem
966 2023 1036 2067 re
1083 2003 1280 2067 semel
1324 2002 1548 2067 audita
1590 2007 1769 2084 atque
1814 2001 1895 2066 ad
1938 2002 2124 2067 unius
2172 2021 2239 2066 se

219 2088 675 2154 auctoritatem
722 2089 1153 2154 contulerunt.
1235 2087 1362 2154 Sed
1395 2090 1614 2155 nescio
1650 2111 1777 2174 quo
1815 2089 2006 2156 modo
2052 2091 2242 2174 pleri·

220 2198 347 2262 que
403 2198 615 2242 errare
659 2178 915 2244 malunt
960 2199 1227 2262 eamque
1273 2178 1691 2261 sententiam,
1750 2199 1943 2262 quam
1989 2179 2241 2242 adama·

220 2267 481 2348 verunt,
534 2266 1012 2350 pugnacissime
1063 2265 1402 2331 defendere
1446 2289 1640 2351 (1118111
1686 2265 1823 2330 81116
1867 2267 2243 2350 pertinacia,

222 2353 380 2438 quid
425 2353 950 2418 constantissime
996 2354 1272 2432 dicatur,
1320 2355 1668 2439 exquirere.
2242 2411 2247 2416 .

139 2473 193 2512 25
361 2439 607 2517 Quibus
653 2440 731 2506 de
775 2443 967 2507 rebus
1013 2445 1082 2506 et
1125 2442 1286 2507 alias
1334 2465 1525 2526 saepe
1570 2442 1761 2507 nobis
1800 2443 2007 2506 multa
2052 2462 2243 2525 quae-

223 2530 359 2594 sita
404 2532 470 2593 et
515 2529 846 2613 disputata
891 2533 1044 2594 sunt
1089 2534 1156 2595 et
1200 2530 1527 2615 quondam
1576 2531 1647 2594 in
1688 2527 2025 2594 Hortensii
2070 2528 2244 2612 villa,

224 2638 390 2702 quae
454 2621 555 2682 est
614 2618 696 2683 ad
759 2617 1031 2701 Baulos,
1103 2640 1248 2684 cum
1322 2641 1399 2684 eo
1465 2616 1737 2683 Catulus
1810 2619 1877 2681 et
1938 2615 2243 2681 Lucullus

222 2726 474 2789 nosque
513 2705 642 2790 ipsi
679 2705 991 2790 postridie
1026 2707 1445 2790 venissemus,
1491 2727 1688 2790 quam
1724 2703 1895 2787 apud
1940 2701 2245 2769 Catulum

223 2793 591 2858 fuissemus.
713 2793 854 2871 Quo
935 2794 1195 2878 quidem
1275 2795 1475 2861 etiam
1545 2793 1861 2859 maturius
1932 2792 2246 2877 venimus,

139 2913 195 2951 30
226 2881 400 2965 quod
463 2885 605 2947 erat
663 2883 1114 2968 constitutum,
1177 2883 1235 2948 si
1296 2886 1527 2949 ventus
1588 2886 1791 2964 esset,
1853 2879 2123 2946 Lucullo
2178 2883 2247 2945 in

223 2969 758 3054 Neapolitanum,
812 2971 974 3035 mihi
1026 2973 1098 3037 in
1140 2969 1607 3056 Pompeianum
1652 2970 1979 3055 navigare.
2084 2966 2247 3034 Cum

224 3058 428 3160 igitur
470 3080 678 3142 pauca
722 3059 793 3124 in
845 3061 1040 3142 xysto
1094 3060 1295 3126 locuti
1342 3081 1655 3141 essemus,
1712 3063 1855 3124 tum
1900 3058 2124 3123 eodem
2175 3057 2246 3121 in

227 3146 442 3230 spatio
505 3146 928 3212 consedimus,
1043 3147 1173 3212 Hic
1231 3146 1527 3214 Catulus·
1590 3109 1739 3212 E'tsi
1795 3145 1966 3230 heri,
2018 3146 2247 3230 inquit,

225 3234 322 3319 id,
375 3233 551 3320 quod
595 3236 1052 3321 quaerebatur,
1103 3258 1312 3320 paene
1367 3236 1759 3319 explicatum
1804 3237 1928 3317 est,
1987 3239 2062 3298 ut
2105 3237 2248 3298 tota

145 3352 198 3392 35
225 3322 360 3388 fere
425 3323 720 3407 quaestio
782 3327 1066 3388 tractata
1124 3325 1447 3407 videatur,
1514 3327 1736 3388 tamen
1793 3325 2090 3405 exspecto
2155 3343 2248 3404 ea,

227 3433 390 3494 quae
453 3416 522 3475 te
584 3412 914 3496 pollicitus
977 3433 1078 3496 es,
1139 3412 1433 3493 Luculle,
1498 3411 1579 3476 ab
1640 3409 1966 3475 Antiocho
2027 3409 2249 3472 audita

225 3499 568 3566 dicturum.
640 3499 982 3587 Equidem,
1026 3501 1236 3587 inquit
1267 3500 1672 3583 Hortensius,
1707 3498 1833 3563 feci
1867 3497 2015 3581 plus
2052 3516 2246 3578 quam
