2609 3884
452 128 630 183 XLIV
1077 125 1501 181 ADNOTATIO
1540 107 1843 180 CRITICA.

452 303 655 354 omues,
691 287 789 356 qui
814 286 1009 356 cuique
1035 285 1272 352 artificio
1299 287 1597 352 praesunt,
1634 284 1823 340 debent
1856 285 2048 340 habere
2075 284 2275 338 eodem
2304 286 2473 340 modo

453 358 845 428 depravatum:
883 356 1198 424 cuicumque
1233 355 1470 422 artificio
1498 360 1784 424 praesunt.
1816 386 1883 394 -
1911 354 1971 412 P.
2000 361 2120 410 432.
2153 361 2219 411 18
2251 356 2318 410 iu
2344 357 2473 425 phi-

451 429 698 496 losophia
725 427 914 494 codd,
953 444 990 481 a
1006 427 1359 495 philosophia
1386 424 1499 492 all„
1538 425 1705 494 Seyff.
1733 425 1964 494 invitae,
2002 428 2066 480 ut
2090 424 2341 494 videtur,
2378 427 2475 496 [in

447 498 830 568 philosophia]
856 495 1003 551 Bait.
1031 495 1101 553 II.
1124 527 1191 536 —
1217 496 1282 551 P.
1301 502 1422 550 432.
1452 501 1520 550 29
1547 496 1743 563 fuisset
1766 494 1969 563 Bentl„
1997 495 2141 551 Bait·
2161 526 2229 537 —-
2256 498 2318 551 P.
2350 503 2473 551 433.

454 576 522 624 14
557 571 778 638 scripsit
811 568 991 637 vulg„
1027 569 1236 636 scripta
1269 568 1346 620 sit
1382 566 1571 635 codd„
1607 568 1941 636 scriptitavit
1964 566 2173 635 Klotz.,
2210 566 2375 635 Seyff.
2406 597 2473 607 —

450 638 512 694 P.
542 644 662 695 437.
697 645 760 694 12
791 656 870 707 sq.
909 638 1027 692 sine
1057 652 1218 692 eruce
1253 635 1431 704 Bait„
1464 637 1539 691 ui
1572 637 1658 691 ita
1692 641 1849 703 esset,
1884 653 2038 692 uum
2072 643 2242 692 totum
2276 639 2377 693 hoc
2407 669 2472 678 —

449 715 624 765 recte
660 713 887 778 poneret
932 707 1128 776 Seyff,
1171 708 1223 761 si
1266 708 1352 761 ita
1394 712 1549 773 esset,
1595 712 1711 762 tum
1744 708 1920 773 volui,
1969 713 2035 762 ut
2068 713 2239 763 totum
2276 739 2345 749 —
2378 725 2475 776 po-
2577 730 2578 780 3

449 785 600 836 neret
633 780 822 848 Hein.,
859 780 911 833 si
943 780 1029 833 ita
1063 782 1217 844 esset,
1252 793 1388 832 uum
1421 779 1543 832 iure
1576 807 1649 820 -
1675 783 1904 846 poneret
1940 778 2117 833 Sorof.
2154 809 2226 819 —
2255 778 2320 834 P.
2350 784 2475 833 437.
2577 847 2578 850 ¹

380 851 386 856 ’
452 855 520 904 18
566 850 675 906 Sed
727 851 778 905 si
829 847 1207 918 Koenighoff.‚
1256 848 1376 903 Sor.
1414 877 1481 888 -—
1517 846 1580 902 P.
1619 853 1742 904 437.
1780 855 1850 904 26
1888 866 1970 918 sq.
2004 851 2123 903 Ain
2156 847 2259 903 tu?
2313 850 2477 904 aliter

451 921 570 989 Or.,
608 920 772 986 Bak„
809 917 1000 982 Hem..
1036 921 1135 972 An
1167 923 1232 972 tu
1276 935 1354 973 au
1390 920 1549 974 aliter
1585 918 1772 988 codd.‚
1808 920 1905 974 Au
1949 924 2013 975 tu
2056 920 2215 974 aliter
2250 918 2475 989 Tregd.,

452 991 597 1054 Son,
634 990 780 1045 Bait.
829 989 914 1044 ed.
961 987 1118 1057 Tun,
1163 989 1283 1043 Ain
1328 988 1430 1043 tu?
1481 1006 1560 1044 au
1602 990 1764 1044 aliter
1818 989 1905 1044 ed.
1951 988 2130 1060 Lips.‚
2184 990 2306 1044 Ain
2351 995 2475 1044 tan-

450 1061 609 1116 dem?
647 1062 809 1116 aliter
847 1059 1010 1128 Seyff.
1040 1088 1108 1099 —-
1136 1057 1198 1113 P.
1228 1064 1351 1114 438.
1379 1065 1411 1113 2
1443 1075 1525 1127 sq.
1553 1059 1657 1129 [ex
1691 1060 1919 1115 alterius
1952 1059 2186 1130 eventis]
2211 1059 2374 1114 Hein.
2407 1090 2473 1101 —

449 1133 510 1186 P.
542 1135 663 1185 438.
694 1136 726 1185 5
762 1131 852 1185 hic
885 1131 1104 1198 sapiens
1138 1127 1427 1183 intercidit
1462 1129 1614 1198 apud
1647 1128 1821 1196 Bait..
1871 1129 2009 1184 item
2044 1148 2094 1184 v.
2133 1136 2198 1184 17
2237 1135 2289 1184 et
2324 1131 2471 1186 vites.

451 1231 519 1242 -
556 1201 618 1257 P.
655 1205 777 1257 438.
819 1207 851 1256 9
895 1201 1016 1268 ipso
1050 1198 1224 1268 Bait,
1273 1198 1467 1268 Seyff„
1512 1199 1704 1269 Hein.,
1749 1199 1867 1256 Sor.
1916 1230 1983 1241 -—
2027 1199 2092 1255 P.
2129 1205 2251 1256 438.
2292 1207 2363 1256 24
2400 1207 2473 1256 est
2578 1241 2580 1264 2

448 1288 552 1341 pro
595 1272 671 1326 sit
715 1271 785 1325 de
821 1268 1034 1325 Halmii
1079 1269 1220 1324 coni.
1257 1267 1433 1336 Bait.;
1479 1289 1531 1324 v.
1570 1270 1645 1325 ad
1692 1288 1747 1340 Ρ.
1779 1276 1897 1326 110.
1932 1278 2014 1328 10.
2054 1300 2122 1311 —-
2157 1270 2222 1327 P.
2251 1277 2374 1326 438.
2406 1277 2471 1325 25

448 1344 535 1398 his
572 1342 761 1409 codd„
809 1339 1004 1410 Seyff„
1047 1339 1208 1395 Hein.
1257 1371 1326 1380 —
1372 1340 1432 1394 P.
1470 1346 1592 1396 439.
1633 1346 1702 1395 23
1739 1357 1821 1409 eq.
1868 1342 2198 1412 compleatur
2244 1341 2473 1411 Wopk„

448 1411 596 1468 Bait.
634 1413 721 1467 ed.
759 1410 1035 1479 Tauchn.,
1073 1409 1264 1479 Seyff.‚
1301 1410 1491 1476 Hein„
1529 1410 1677 1480 Sor„
1714 1412 2081 1481 complectitur
2117 1412 2299 1480 codd„
2338 1429 2474 1468 com-

447 1485 630 1552 pletur
664 1483 875 1551 Bentl.,
910 1480 1057 1537 Bait.
1097 1482 1183 1536 ed.
1215 1481 1333 1548 Or.;
1371 1500 1423 1536 v.
1462 1481 1537 1536 ad
1572 1499 1625 1551 Ρ.
1659 1486 1741 1536 68.
1773 1487 1841 1540 14
1868 1484 1927 1536 et
1955 1488 2003 1537 7.
2036 1488 2117 1538 13.
2152 1513 2220 1523 —
2258 1483 2322 1537 P.
2352 1489 2472 1538 439.

450 1560 517 1608 32
548 1569 733 1623 parva
774 1553 994 1633 metuit,
1037 1553 1217 1616 recte,
1260 1553 1328 1605 ut
1360 1551 1609 1620 videtur,
1657 1552 1945 1607 defensum
1990 1569 2027 1608 a
2074 1551 2365 1623 Madvigio
2404 1553 2473 1606 de

449 1625 540 1680 fin.
586 1641 642 1693 Ρ.
681 1629 812 1692 769,
855 1621 1001 1678 Bait.
1047 1623 1134 1677 ed.
1181 1621 1337 1690 Tur„
1383 1638 1573 1691 pauca
1629 1623 1714 1678 ed.
1771 1623 2046 1690 Tauchn.‚
2098 1623 2245 1691 Sor„
2290 1639 2475 1692 parvo

449 1700 592 1749 metu
627 1698 705 1749 est
739 1693 1015 1761 Tischer.‚
1051 1692 1241 1760 Heia,
1271 1708 1441 1760 parce
1474 1694 1665 1746 nzetuit
1701 1692 1866 1762 Seyff.
1894 1723 1962 1734 —
1990 1693 2051 1747 P.
2080 1698 2201 1748 440.
2234 1699 2303 1774 14
2337 1711 2475 1764 quae

449 1770 544 1820 est
577 1766 913 1820 moderatrix
947 1763 1139 1831 Hein.,
1176 1762 1357 1817 Sorof.
1438 1763 1549 1830 Eo,
1602 1763 1756 1832 quod
1790 1763 2165 1833 temperantia
2197 1763 2334 1820 tahs
2371 1765 2473 1832 est,

447 1838 514 1890 ut
549 1836 624 1890 sit
657 1834 1002 1890 moderatrix
1028 1833 1276 1890 omnium
1305 1833 1767 1902 commotionum,
1804 1833 2068 1902 efficitur,
2103 1835 2170 1888 ut
2203 1834 2475 1888 adiuncta
2580 1831 2582 1892 fi

450 1923 518 1960 ea
561 1906 636 1960 ad
679 1905 1070 1960 fortitudinem
1113 1903 1258 1958 nihil
1305 1903 1454 1959 desit
1497 1904 1572 1960 ad
1614 1905 1781 1959 beate
1817 1903 2133 1959 vivendum.
2206 1903 2278 1961 V.
2304 1905 2383 1959 ad
2417 1923 2472 1975 p.
2580 1905 2582 1908 ⁴

452 1981 536 2032 53.
576 1981 626 2029 6.
675 2005 742 2016 —
788 1976 850 2028 Ρ.
889 1981 1009 2029 440.
1048 1980 1118 2030 20
1167 1976 1349 2042 Atque
1394 1991 1518 2030 cum
1566 1975 1747 2044 vulg„
1802 1975 1883 2029 At
1923 1977 2243 2045 quicumque
2292 1975 2473 2044 codd,

452 2045 588 2099 Cum
623 2061 690 2100 ue
735 2044 900 2114 Seyff.
950 2074 1017 2084 —
1063 2044 1125 2098 P.
1167 2050 1288 2100 440.
1328 2049 1398 2099 24
1444 2061 1523 2114 sq.
1582 2061 1704 2100 cum
1756 2047 1942 2100 omnia
1992 2062 2057 2102 ea
2111 2074 2177 2085 —
2222 2051 2475 2116 puqueut

452 2115 521 2168 Se
602 2156 643 2184 .‚
690 2130 814 2170 cum
857 2115 1046 2169 omnia
1092 2144 1156 2153 —
1193 2120 1443 2183 puqmnt
1478 2115 1668 2184 codd„
1712 2132 1851 2184 quae
1893 2117 2078 2171 omnia
2112 2145 2180 2156 —-
2212 2121 2475 2186 puyuant

449 2183 625 2252 Bait„
659 2183 850 2251 Hein„
889 2184 1065 2241 Sorof.
1127 2184 1503 2239 Emendatum
1540 2201 1660 2240 esse
1695 2187 1881 2241 totum
1914 2186 2103 2242 locum
2134 2202 2249 2241 non
2287 2187 2474 2254 crede,

449 2255 789 2323 minimeque
833 2255 1024 2323 placet
1065 2274 1117 2311 v.
1164 2260 1230 2309 22
1281 2271 1398 2324 sqq.
1450 2257 1595 2325 quod
1630 2287 1697 2296 —
1733 2262 1986 2312 versetur.
2034 2287 2101 2297 -
2144 2257 2207 2311 P.
2250 2262 2373 2312 442.
2405 2263 2473 2312 18

447 2327 566 2380 sinc
602 2325 914 2392 alacritate,
951 2327 1070 2381 ulla
1094 2325 1213 2380 siue
1247 2326 1478 2382 libidine
1506 2325 1682 2381 Sorof.
1710 2326 1805 2382 vix
1834 2327 2092 2397 probab.‚
2128 2329 2246 2382 siue
2280 2328 2475 2394 alacr.,

447 2397 607 2451 nulla
653 2396 880 2452 libidine
923 2395 992 2450 H.
1041 2395 1272 2465 Saupp„
1328 2395 1518 2464 Hein.‚
1572 2398 1690 2452 siue
1734 2398 1902 2454 alacr.
1957 2399 2145 2465 futili,
2202 2399 2322 2452 siue
2376 2399 2473 2453 lib.

448 2466 659 2536 Bentl.,
707 2465 874 2535 Seyff.
921 2497 989 2507 ——
1033 2466 1094 2523 P.
1135 2472 1258 2521 442.
1294 2472 1363 2520 33
1408 2483 1490 2521 me
1533 2469 1886 2547 aequiperare
1939 2468 2136 2535 orell„
2183 2467 2347 2523 Hein.
2402 2497 2471 2509 -

448 2538 656 2592 Totum
710 2539 901 2593 autem
952 2537 1140 2593 locum
1193 2555 1245 2592 v.
1285 2542 1352 2592 27
1400 2554 1517 2606 sqq.
1578 2553 1658 2590 810
1709 2538 1829 2594 fere
1874 2537 2229 2595 scribendum
2279 2541 2475 2594 censet

446 2608 760 2678 Niemeyer.
797 2608 858 2664 in
891 2608 1165 2663 FleckeiS.
1202 2623 1329 2662 ann.
1366 2606 1503 2678 phil.
1546 2612 1683 2662 1876
1718 2626 1775 2677 Ρ.
1814 2614 1918 2664 642
1956 2624 2101 2678 sqq.=
2154 2608 2261 2675 (Et
2295 2615 2374 2665 est
2409 2612 2475 2664 iu

449 2680 642 2750 aliqua
683 2680 801 2735 vita
836 2707 906 2720 -
943 2711 1011 2721 —
1047 2680 1400 2748 aequiperare
1443 2683 1647 2748 queat.)
1728 2678 1935 2748 Quodsi
1978 2680 2138 2734 beata
2180 2680 2299 2734 vita
2331 2681 2472 2749 ylor.

2576 2095 2585 2490 ἢ

449 2779 517 2790 -
556 2781 623 2790 —
659 2750 943 2817 ferendum
984 2751 1059 2804 sit
1105 2779 1173 2789 —-
1221 2749 1433 2818 Quibus
1467 2749 1669 2818 positis
1712 2749 1980 2819 iutelleyis
2022 2749 2158 2819 quid
2192 2755 2471 2818 sequatur.
2582 2767 2584 2816 ;

448 2819 664 2887 Atque
707 2820 862 2874 item
906 2848 990 2875 —.
1037 2819 1120 2873 De
1167 2821 1357 2873 cetero
1400 2835 1516 2874 non
1558 2835 1774 2888 pugno,
1820 2820 1927 2874 etsi
1969 2836 2086 2874 non
2127 2820 2306 2875 multo
2360 2821 2475 2876 ele-

448 2888 672 2958 gantius
720 2889 1100 2958 disputantem
1143 2887 1328 2943 Niem.
1376 2888 1700 2944 Ciceronem
1741 2889 1928 2946 facere
1973 2890 2223 2959 videtui-3
2276 2892 2378 2945 sed
2423 2897 2475 2946 et

447 2960 662 3027 quidem
687 2958 864 3014 nolim
887 2957 1020 3024 iam,
1048 2958 1114 3011 ut
1141 2956 1293 3026 olim,
1320 2959 1526 3013 mutari
1551 2959 1612 3014 in
1639 2964 1799 3030 atquc
1829 2962 1983 3027 item,
2018 2977 2151 3015 nam
2178 2967 2229 3016 et
2254 2963 2475 3031 quidem

446 3028 756 3083 identidem
782 3029 972 3083 valere
1001 3032 1162 3098 atque
1194 3030 1500 3096 persuadet
1533 3031 1837 3085 multitudo
1874 3032 2153 3100 locorum,
2189 3032 2254 3084 ut
2285 3050 2341 3102 p.
2384 3038 2473 3087 26.

447 3105 534 3166 25,
563 3106 648 3154 43.
677 3105 764 3166 27,
795 3105 915 3155 126.
947 3102 1030 3166 18,
1060 3104 1179 3154 174.
1209 3104 1262 3166 4,
1301 3104 1421 3154 275.
1452 3107 1503 3168 3,
1531 3107 1651 3155 310.
1682 3107 1769 3168 32,
1808 3108 1929 3157 361.
1960 3107 1992 3156 5
2022 3103 2079 3156 et
2108 3107 2194 3169 21,
2230 3108 2351 3157 376.
2386 3109 2473 3166 11,

447 3175 566 3227 457.
600 3176 665 3224 10
700 3172 776 3235 (et
808 3170 899 3224 hic
933 3170 1197 3240 quidem),
1231 3168 1300 3226 N.
1323 3169 1389 3226 D.
1418 3171 1445 3224 I
1482 3177 1567 3226 31.
1596 3175 1665 3226 88
1703 3172 1794 3239 (al.
1826 3178 1895 3228 89
1922 3171 2005 3227 Et
2031 3177 2095 3228 tu
2126 3173 2381 3242 quidem),
2418 3174 2475 3227 II

448 3247 531 3298 13.
561 3246 628 3296 36
657 3240 1065 3310 (iutelleyeutem
1091 3256 1198 3295 esse
1221 3243 1488 3296 muudum
1514 3246 1566 3296 et
1604 3243 1821 3311 quidem
1848 3244 2011 3299 etiam
2036 3244 2381 3312 sapientem),
2419 3245 2475 3298 Π

447 3317 529 3366 15.
558 3316 626 3366 41
658 3327 739 3368 ex.
767 3312 950 3376 (solem
976 3315 1027 3365 et
1051 3311 1266 3380 quidem
1282 3313 1495 3381 reliqua
1516 3317 1709 3379 astra),
1735 3313 1790 3366 H
1810 3319 1896 3368 37.
1917 3319 1986 3368 94
2010 3315 2218 3380 (miuus
2243 3329 2474 3383 operosa
2532 3321 2541 3332 ‘

444 3387 494 3434 et
529 3382 698 3436 multo
733 3382 948 3452 quidem
981 3381 1290 3449 faciliora),
1326 3382 1408 3436 ΙΠ
1444 3388 1493 3438 9.
1524 3387 1591 3436 23
1629 3383 1889 3447 (disertus
1923 3388 1974 3438 et
2018 3385 2235 3453 quidem
2269 3385 2469 3439 mathe-

444 3453 724 3521 maticus),
763 3452 833 3506 de
871 3451 982 3510 div.
1019 3452 1046 3505 I
1081 3457 1150 3507 49
1189 3467 1271 3509 ex.
1313 3457 1441 3521 112,
1476 3453 1531 3505 II
1566 3459 1651 3508 36.
1689 3458 1780 3521 77,
1821 3470 1896 3509 or.
1928 3458 2014 3510 45.
2049 3459 2177 3522 152,
2224 3454 2354 3508 fam.
2394 3455 2473 3510 IX
