2609 3884
385 169 513 233 118
707 168 805 224 DE
842 166 1131 222 FINIBUS
1167 164 1528 222 BONORUM
1563 164 1658 241 ET
1693 163 2061 220 MALORUM

382 330 797 396 ‘sententia
860 328 1366 396 confirmavit
1427 327 1785 410 animum,
1855 347 1948 391 ne
2012 325 2208 410 quod
2271 328 2401 390 aut

382 419 936 503 sempiternum
1000 420 1131 483 aut
1203 417 1650 482 diuturnum
1711 416 2023 481 timeret
2092 413 2401 497 malum,

382 528 570 592 quae
614 505 1020 591 perspexit
1080 506 1160 570 in
1209 505 1355 570 hoc
1409 505 1585 589 ipso
1640 504 1844 568 vitae
1901 503 2156 588 spatio
2213 503 2400 567 ami-

277 617 344 666 69
385 594 623 660 citiae
650 593 1125 679 praesidium
1154 615 1322 659 esse
1349 590 1932 658 firmissimum?
1984 589 2154 656 Sunt
2179 594 2399 655 autem

382 682 643 769 quidam
698 682 1002 766 Epicurei
1050 681 1415 747 timidiores
1467 681 1664 766 paulo
1716 684 1942 746 contra
1985 683 2203 745 vestra
2245 701 2398 744 con·
2427 697 2454 738 ⁵

381 771 575 854 vicia,
638 770 751 836 sed
812 775 1036 836 tamen
1106 770 1266 835 satis
1332 770 1530 854 acuti,
1594 769 1705 855 qui
1766 772 2090 852 verentur,
2160 789 2270 852 ne,
2343 768 2400 833 si

383 859 738 924 amicitiam
805 862 1073 942 propter
1139 862 1435 923 nostram
1504 857 1903 941 voluptatem
1978 857 2400 941 expetendam

380 951 709 1032 putemne,
751 949 894 1011 tota
932 947 1222 1011 amicitia
1266 946 1452 1035 quasi
1489 945 1848 1011 claudicare
1883 944 2198 1011 videatur.
2268 943 2399 1010 Ita-

381 1057 505 1119 que
557 1035 805 1120 primos
858 1054 1241 1118 congressus
1302 1034 1871 1119 copulationesque
1934 1036 2002 1098 et
2061 1038 2399 1100 consuetu-

384 1122 607 1187 dinum
658 1122 1201 1188 instituendarum
1254 1123 1623 1188 voluntates
1667 1122 1811 1187 fieri
1862 1125 2128 1207 propter
2171 1123 2397 1208 volup·
2429 1156 2482 1196 10

379 1213 612 1297 tatem3
685 1232 832 1275 cum
904 1215 1119 1276 autem
1189 1233 1345 1276 usus
1406 1209 1827 1297 progrediens
1887 1209 2401 1276 familiaritatem

334 1367 347 1376 ‚
384 1298 689 1383 effecerit,
734 1301 875 1364 tum
911 1299 1200 1364 amorem
1236 1299 1635 1364 efflorescere
1669 1303 1952 1382 tantum,
1996 1303 2096 1383 ut,
2141 1300 2401 1365 etiamsi

380 1387 565 1453 nulla
600 1387 689 1452 sit
721 1387 977 1453 utilitas
1013 1407 1091 1452 ex
1129 1387 1442 1470 amicitia,
1485 1390 1706 1452 tamen
1738 1387 1868 1471 ipsi
1907 1387 2100 1452 amici
2133 1392 2403 1472 propter

384 1497 453 1540 se
489 1477 667 1560 ipsos
705 1478 1051 1540 amentur.-
1088 1474 1352 1540 Etenim
1387 1477 1445 1540 si
1476 1476 1648 1560 loca,
1686 1476 1744 1540 si
1777 1475 1958 1560 fana,
1999 1475 2058 1540 si
2091 1475 2306 1560 urbeS,
2343 1477 2401 1542 si

264 1587 271 1594 ’
383 1565 751 1718 {iffi}
768 1565 886 1717 222·
910 1585 1234 1719 ‘³333ss
1249 1565 1719 1717 οὲἰεῖιᾚῖἒῑηῗ
1753 1564 2402 1719 ἓὲἓὲἒι-ἒζέΐθξῗὲ
2429 1596 2481 1637 ¹⁵

382 1744 625 1824 quanto
696 1739 765 1804 id
838 1741 910 1805 in
978 1740 1320 1806 hominum
1400 1741 1858 1806 consuetudine
1927 1739 2186 1806 facilius
2255 1704 2401 1808 fieri
2603 1799 2605 1806 .

278 1848 347 1899 ‘10
381 1829 628 1913 poterit
690 1831 756 1893 et
817 1827 1095 1894 iustius?
1202 1826 1370 1894 Sunt
1431 1832 1671 1913 autem,
1728 1829 1839 1913 qui
1892 1828 2110 1893 dicant
2169 1830 2397 1894 foedus
2603 1811 2606 1916 ᾗ

382 1939 523 1982 esse
567 1916 887 2002 quoddam
933 1916 1349 2000 sapientium,
1404 1921 1480 1982 ut
1528 1939 1612 1982 ne
1656 1918 1867 1983 minus
1913 1917 2154 1982 amicos
2202 1940 2398 2003 quam
2601 1983 2603 2002 Ε

383 2025 453 2070 se
496 2005 675 2088 ipsos
722 2004 1019 2089 diligant.
1092 2000 1274 2079 Quod
1321 2008 1388 2070 et
1430 2027 1622 2090 posse
1664 2005 1803 2070 fieri
1846 2005 2285 2091 intellegimus
2333 2011 2400 2072 et
2425 2038 2478 2080 2⁰

382 2113 575 2175 saepe
636 2093 871 2157 evenire
929 2092 1255 2176 videmus,
1313 2096 1381 2156 et
1439 2094 1851 2177 perspicuum
1913 2098 2014 2160 est
2082 2094 2252 2159 nihil
2317 2095 2399 2160 ad
2601 2109 2603 2185 j

381 2179 653 2244 iucunde
708 2178 1053 2254 vivendum
1103 2181 1378 2265 reperiri
1433 2203 1650 2265 posse,
1714 2182 1888 2267 quod
1945 2183 2399 2248 coniunctione

380 2268 502 2332 tali
536 2267 626 2332 sit
668 2267 902 2351 aptius.
965 2266 1212 2342 Quibus
1249 2291 1329 2334 ex
1365 2269 1664 2335 omnibus
1699 2270 1972 2335 iudicari
2012 2275 2232 2356 potest
2264 2293 2400 2337 non
2599 2333 2601 2342 ,

380 2354 573 2420 modo
626 2376 760 2421 non
811 2355 1110 2440 impediri
1173 2357 1496 2423 rationem
1551 2359 1902 2443 amicitiae,
1957 2358 2016 2424 si
2073 2381 2398 2425 summum
2599 2349 2601 2457 Ῑ

380 2443 626 2510 bonum
652 2444 723 2508 in
750 2443 1085 2528 voluptate
1117 2449 1416 2530 ponatur,
1453 2447 1566 2512 sed
1594 2447 1731 2513 sine
1761 2446 1888 2513 hoc
1920 2447 2399 2514 institutionem
2427 2480 2481 2521 25
2597 2499 2599 2502 Α

382 2533 647 2598 omnino
694 2532 1016 2598 amicitiae
1058 2555 1191 2598 non
1234 2556 1428 2619 posse
1475 2535 1762 2619 reperiri.

274 2589 359 2716 ’ἢ
382 2712 449 2774 et
501 2621 1403 2776 333331’2351232333
1439 2623 1624 2793 &a
1667 2623 1997 2777 aasz
2035 2624 2399 2779 aasz?

290 2771 295 2776 .
988 2760 1007 2794 ,
1139 2772 1143 2776 .
1973 2781 1978 2786 ,

378 2803 591 2881 turae,
637 2798 695 2862 si
727 2800 873 2862 tota
909 2799 1120 2863 oratio
1154 2803 1382 2864 nostra
1418 2819 1674 2864 omnem
1711 2799 1840 2864 sibi
1872 2800 2064 2864 fidem
2100 2802 2397 2867 sensibus

380 2885 748 2968 confirmat,
800 2885 871 2949 id
924 2889 1023 2950 est
1077 2886 1467 2971 incorruptis
1523 2893 1714 2972 atque
1767 2888 2042 2972 integris
2100 2889 2396 2969 testibus,
2425 2923 2479 2962 30
2595 2945 2597 2962 .

380 2972 437 3036 si
472 2971 756 3036 infantes
791 2974 991 3057 pueri,
1026 2977 1245 3040 mutae
1281 2975 1480 3040 etiam
1520 2975 1767 3041 bestiae
1802 2998 2008 3060 paene
2042 2977 2400 3061 loquuntur

377 3060 698 3143 magistra
750 3079 826 3124 ac
879 3059 1036 3125 duce
1087 3066 1325 3127 natura
1385 3062 1553 3127 nihil
1617 3085 1758 3129 esse
1819 3085 2202 3149 prosperum
2265 3067 2398 3132 nisi

376 3146 806 3230 voluptatem,
867 3146 1033 3213 nihil
1096 3171 1398 3234 asperum
1458 3151 1590 3216 nisi
1651 3151 1966 3238 dolorem,
2026 3154 2104 3218 de
2163 3155 2396 3239 quibus

374 3254 582 3319 neque
646 3235 993 3319 depravate
1054 3237 1344 3303 iudicant
1405 3259 1610 3324 neque
1673 3244 1999 3326 corrupte,
2059 3263 2274 3308 nonne
2336 3243 2398 3307 ei

376 3323 728 3387 maximam
772 3324 1051 3406 gratiam
1097 3324 1339 3391 habere
1384 3327 1715 3413 debemus,
1769 3330 1880 3413 qui
1923 3329 2047 3395 hac
2092 3330 2398 3397 exaudita
2423 3360 2476 3403 35
2591 3359 2593 3366 ·

376 3411 561 3494 quasi
613 3432 770 3477 voce
819 3415 1092 3477 naturae
1146 3414 1238 3479 sic
1306 3435 1453 3479 eam
1504 3415 1687 3480 firme
1749 3418 2160 3503 graviterque
2224 3442 2398 3485 com-

268 3533 279 3544 ·
372 3499 810 3583 prehenderit,
862 3502 937 3564 ut
992 3521 1212 3566 omnes
1267 3501 1432 3567 bene
1487 3525 1678 3568 sanos
1733 3505 1804 3568 in
1848 3506 2020 3571 viam
2077 3508 2397 3594 placatae,
