2609 3884
628 156 763 212 ΠΒ.
800 155 869 210 11.
927 154 1085 212 GAP.
1124 161 1221 223 47,
1257 160 1343 209 48.
1399 159 1430 220 ς
1468 160 1763 211 143—148.
2141 155 2228 220 85

189 317 271 382 ad
322 321 527 400 artes,
574 316 667 382 sic
710 317 835 402 ego
880 338 1050 382 nunc
1094 316 1220 382 tibi
1263 317 1473 382 refero
1521 321 1727 383 artem
1773 317 1910 382 sine
1954 317 2227 383 scientia

188 425 333 470 esse
381 427 521 471 non
566 426 777 490 posse.
838 403 948 469 An
992 408 1328 489 pateretur
1370 404 1496 471 hoc
1533 403 1766 470 Zeuxis
1813 407 1927 470 aut
1960 405 2225 470 Phidias

188 498 306 558 aut
363 493 766 577 Polyclitus,
818 493 989 558 nihil
1032 515 1103 558 se
1148 492 1341 576 scire,
1395 513 1542 558 cum
1585 493 1656 558 in
1699 493 1783 558 iis
1829 497 1999 558 esset
2040 496 2227 558 tanta

190 581 543 646 sollertia?
633 580 879 657 Quodsi
944 602 1055 646 eos
1122 580 1446 646 docuisset
1509 581 1770 665 aliquis,
1831 603 2026 666 quam
2090 581 2225 647 vim

140 695 165 734 5
187 669 443 734 habere
488 669 812 734 diceretur
854 669 1155 752 scientia,
1213 668 1577 734 desinerent
1628 668 1848 753 irasci3
1909 690 1992 733 ne
2035 669 2226 734 nobis

190 757 467 842 quidem
519 760 989 840 suscenserent‚
1049 777 1195 822 cum
1233 756 1626 823 didicissent
1684 757 1753 822 id
1813 757 2043 822 tollere
2087 778 2228 842 nos,

187 845 375 931 quod
441 866 762 929 nusquam
826 847 1024 927 esset,
1087 843 1258 928 quod
1321 847 1538 910 autem
1597 845 1755 912 satis
1811 848 1986 910 esset
2046 845 2225 929 ipsiS,

187 934 585 1018 relinquere.
650 932 858 1008 Quam
902 933 1224 998 rationem
1270 932 1590 998 maiorum
1619 934 1818 998 etiam
1845 933 2229 1015 comprobat

189 1021 564 1107 diligentia,
610 1021 719 1106 qui
763 1021 1049 1104 primum
1092 1021 1304 1085 iurare
1333 1018 1436 1084 ‘ex
1481 1020 1581 1085 sui
1626 1021 1825 1086 animi
1869 1019 2223 1086 sententia'

118 1136 163 1176 ιο
190 1131 525 1195 quemque
548 1109 910 1191 voluerunt,
947 1108 1173 1172 deinde
1201 1108 1295 1172 ita
1321 1109 1544 1188 teneri,
1573 1107 1655 1173 ‘si
1683 1109 1891 1174 sciens
1925 1108 2224 1192 falleret,'

188 1197 378 1283 quod
442 1197 781 1262 inscientia
844 1197 1051 1261 multa
1092 1199 1477 1261 ‘versaretur
1537 1196 1608 1261 in
1661 1197 1822 1280 vita3
1883 1199 2052 1280 tum,
2115 1197 2226 1281 qui
2346 1234 2351 1238 ·

188 1285 653 1351 testimonium
706 1285 973 1368 diceret,
1037 1287 1113 1348 ut
1157 1283 1524 1349 ‘arbitrari'
1570 1306 1640 1349 se
1696 1285 1963 1369 diceret,
2025 1286 2225 1350 etiam

189 1374 375 1458 quod
421 1373 560 1457 ipse
588 1372 878 1457 vidisset,
924 1394 1213 1458 quaeque
1239 1372 1438 1437 iurati
1480 1372 1722 1440 iudices
1751 1373 2226 1459 cognovissent,

190 1466 271 1527 ut
322 1483 401 1526 ea
443 1483 577 1526 non
623 1482 763 1524 esse
808 1460 1003 1544 facta,
1064 1460 1176 1524 sed
1218 1464 1294 1525 ut
1339 1457 1587 1525 ‘videri'
1631 1461 2224 1545 pronuntiarentur.

119 1575 165 1615 ιε
332 1548 585 1614 Verum
630 1549 937 1632 quoniam
978 1570 1113 1614 non
1158 1548 1368 1614 solum
1412 1551 1614 1613 nauta
1671 1548 2018 1633 significat,
2067 1548 2178 1613 sed
2226 1530 2328 1657 ἑξ

195 1637 403 1702 etiam
418 1635 745 1702 Favonius
772 1637 915 1721 ipse
941 1636 1310 1700 insusurrat
1327 1635 1680 1722 navigandi
1704 1635 1915 1722 nobie,
1940 1633 2223 1719 Luculle,

194 1730 461 1809 tempus
511 1746 680 1808 esse,
746 1732 811 1788 et
857 1725 1162 1811 quoniam
1209 1724 1370 1789 satis
1427 1725 1634 1789 multa
1695 1723 1855 1811 dixi,
1917 1728 2016 1789 est
2059 1724 2224 1789 mihi

195 1812 652 1898 perorandum.
758 1812 1041 1878 Posthac
1103 1815 1327 1877 tamen
1391 1834 1538 1878 cum
1597 1811 1759 1878 haec
1823 1834 2224 1898 quaeremus,

195 1902 423 1986 potius
489 1900 568 1965 de
640 1901 1149 1966 dissensionibus
1213 1899 1416 1965 tantis
1482 1921 1882 1965 summorum
1938 1901 2225 1966 virorum

122 2015 173 2056 so
200 1990 629 2072 disseramus,
692 1989 770 2054 de
816 1989 1213 2054 obscuritate
1267 1991 1537 2054 naturae
1603 1989 1806 2074 deque
1853 2010 2068 2054 errore
2121 1993 2226 2056 tot

196 2077 759 2162 philosophorum,
804 2077 915 2162 qui
960 2076 1037 2141 de
1081 2076 1271 2142 bonis
1300 2077 1767 2162 contrariisque
1811 2077 2004 2142 rebus
2035 2081 2223 2143 tanto

198 2186 398 2250 opere
446 2166 842 2249 discrepant,
904 2168 1003 2245 ut,
1066 2186 1213 2230 cum
1269 2164 1416 2248 plus
1463 2187 1589 2230 uno
1638 2187 1861 2248 verum
1907 2187 2046 2230 esse
2090 2189 2225 2232 non

194 2253 443 2339 possit,
504 2254 712 2318 iacere
756 2274 1015 2318 necesse
1060 2253 1149 2318 sit
1200 2256 1303 2317 tot
1347 2255 1486 2316 tam
1528 2253 1782 2319 nobiles
1828 2253 2226 2340 disciplinas,

198 2363 399 2426 quam
444 2341 522 2405 de
579 2341 908 2408 oculorum
964 2352 1390 2426 sensuumque
1434 2341 1830 2427 reliquorum
1872 2341 2222 2407 mendaciis

122 2455 171 2496 25
199 2434 270 2495 et
315 2430 398 2495 de
444 2429 644 2494 sorite
688 2432 803 2494 aut
844 2428 1299 2513 pseudomeno,
1347 2451 1504 2513 quas
1549 2429 1779 2515 plagas
1823 2429 1952 2514 ipsi
1998 2433 2224 2494 contra

197 2539 271 2584 se
338 2515 541 2582 Stoici
603 2521 963 2583 texuerunt.
1054 2516 1219 2581 Tum
1264 2516 1600 2582 Lucullus:
1690 2517 1845 2583 Non
1890 2516 2178 2600 moleste,
2226 2539 2330 2589 148

197 2605 450 2690 inquit,
510 2605 650 2670 fero
693 2626 813 2670 nos
871 2604 1033 2671 haec
1077 2605 1445 2670 contulisse.
1537 2602 1804 2690 Saepius
1851 2604 2026 2668 enim
2070 2626 2221 2670 con-

198 2693 570 2778 gredientes
615 2714 764 2777 nos,
810 2697 875 2758 et
918 2715 1218 2759 maxume
1276 2693 1348 2758 in
1395 2691 1776 2758 Tusculanis
1831 2692 2099 2776 nostris,
2167 2693 2223 2756 si

197 2802 367 2867 quae
423 2781 836 2865 videbuntur,
896 2783 1315 2868 requiremus.
1405 2779 1712 2865 Optume,
1756 2780 2044 2865 inquam3
2111 2783 2224 2846 sed

122 2898 172 2938 30
200 2870 357 2955 quid
404 2866 672 2935 Catulus
720 2869 958 2935 sentit?
1006 2869 1159 2955 quid
1203 2869 1634 2934 Hortensius?
1715 2868 1878 2933 Tum
1924 2867 2223 2934 Catulus:

196 2957 480 3044 Egone?
539 2957 780 3042 inquit3
840 2956 923 3022 ad
966 2957 1175 3042 patris
1220 2957 1517 3022 revolvor
1567 2957 1980 3042 sententiam,
2027 2981 2222 3043 quam

200 3046 465 3131 quidem
508 3045 621 3111 ille
669 3044 1108 3112 Carneadeam
1153 3067 1292 3110 esse
1339 3045 1612 3124 dicebat,
1655 3048 1731 3110 ut
1774 3045 2020 3130 percipi
2055 3045 2225 3110 nihil

197 3139 425 3218 putem
469 3154 680 3218 posse,
738 3133 1160 3200 adsensurum
1208 3137 1426 3199 autem
1469 3155 1602 3199 non
1645 3136 1972 3219 percepto,'
2014 3134 2078 3198 id
2125 3138 2226 3199 est

201 3222 622 3306 opinaturum
650 3223 1007 3307 sapientem
1034 3222 1437 3307 existumem,
1483 3220 1594 3286 sed
1628 3222 1740 3305 ita,
1777 3225 1851 3286 ut
1884 3221 2229 3306 intellegat

124 3338 173 3379 ³5
202 3331 271 3376 se
319 3310 576 3394 opinari
641 3311 927 3395 sciatque
979 3309 1147 3378 nihil
1201 3331 1370 3393 esse,
1433 3309 1604 3395 quod
1659 3309 2112 3393 comprehendi
2158 3313 2225 3373 et

198 3399 448 3482 percipi
509 3398 737 3482 possit.
827 3398 1041 3475 Quare
1103 3393 1351 3481 ἐποχὴν
1412 3398 1594 3462 illam
1654 3398 1942 3462 omnium
2005 3418 2223 3461 rerum

200 3485 583 3571 improbans
628 3486 727 3550 illi
773 3487 963 3552 alteri
1009 3487 1397 3568 sententiae,
1442 3485 1610 3551 nihil
1655 3506 1824 3570 esse,
1869 3483 2042 3569 quod
2084 3505 2226 3567 per·
