2609 3884
411 155 535 219 176
731 154 828 208 DE
865 153 1154 208 FINIBUS
1191 148 1554 207 BONORUM
1587 152 1684 207 ΕΤ
1718 150 2086 207 MALORUM

407 337 528 401 que
581 318 832 399 partem
886 316 982 379 ita
1033 314 1212 397 paria
1271 313 1639 397 redderent,
1692 313 1790 377 uti
1842 312 2026 377 nulla
2080 312 2422 377 selectione

305 418 369 465 13
407 407 763 480 uterentur,
808 401 882 465 111
923 402 1233 467 virtutem
1277 401 1492 484 ipsam
1538 401 1956 465 sustulerunt.
2044 400 2229 465 Istud
2290 400 2422 484 qui-

408 492 579 575 dem,
641 490 933 574 inquam,
990 489 1232 573 optime
1292 488 1479 572 (11013,
1540 489 1652 553 3οᾱ
1708 510 1974 573 quaero,
2027 509 2247 553 nonne
2301 487 2425 551 tibi

405 578 768 643 faciendum
829 577 1002 642 idem
1067 577 1156 641 sit
1225 575 1392 641 nihil
1447 576 1686 640 dicenti
1737 577 2007 659 bonum,
2060 575 2233 660 quod
2295 595 2427 640 non

405 669 651 731 rectum
696 665 1167 749 honestumque
1224 664 1338 748 sit,
1382 664 1773 747 reliquarum
1816 684 2031 727 rerum
2077 663 2423 728 discrimen
2452 688 2480 727 s

409 775 596 819 omne
633 753 912 818 tollenti.
985 750 1057 817 Si
1100 751 1390 836 quidem,
1434 750 1674 835 inquit,
1711 750 2036 834 tollerem,
2082 750 2195 815 sed
2230 751 2427 815 relin-

303 855 372 904 14
407 863 552 926 quo.
642 838 935 916 Quonam
993 839 1228 903 modo?
1286 839 1569 923 inquam.
1662 837 1734 904 Si
1776 860 1907 903 una
1948 839 2183 922 virtuS,
2227 860 2429 902 unum

407 929 610 1012 istud,
685 926 856 1011 quod
929 927 1274 991 honestum
1350 927 1670 1010 appellas,
1740 931 2013 1010 rectum,
2084 926 2429 1004 laudabile,

407 1016 705 1081 decorum
761 1012 915 1098 (erit
969 1014 1142 1078 enim
1184 1013 1437 1097 notius,
1492 1015 1680 1099 quale
1726 1014 1842 1098 sit,
1899 1013 2194 1115 pluribus
2238 1017 2429 1079 nota·
2582 1088 2584 1091 Α

406 1108 549 1167 111111
584 1101 916 1167 vocabulis
959 1101 1132 1166 idem
1168 1098 1703 1188 declarantibus),
1748 1102 1816 1166 id
1862 1100 2091 1187 igitur,
2137 1100 2428 1186 inquam,
2456 1128 2513 1167 10

407 1190 468 1255 si
523 1189 733 1253 solum
789 1192 890 1253 est
942 1190 1209 1272 bonum,
1273 1189 1429 1275 quid
1490 1189 1763 1254 habebis
1828 1192 2191 1273 praeterea,
2256 1188 2431 1274 quod

405 1276 722 1362 sequare?
780 1280 920 1358 aut,
983 1277 1041 1341 si
1092 1278 1258 1341 nihil
1312 1277 1584 1361 malum,
1644 1276 1776 1341 nisi
1829 1276 2000 1361 quod
2054 1280 2274 1362 turpe,
2329 1298 2429 1341 m-

407 1365 777 1448 honestum,
839 1326 1233 1448 in'decorum,
1295 1386 1595 1448 pravum,
1664 1364 2092 1465 flagiti-osum,
2160 1363 2431 1429 foedum

407 1452 512 1537 (ut
553 1452 678 1517 hoc
725 1474 976 1537 quoque
1023 1453 1321 1536 pluribus
1358 1452 1729 1518 nominibus
1764 1452 2018 1536 insigne
2063 1414 2430 1553 faciamus),

409 1541 561 1624 quid
605 1544 942 1624 praeterea
986 1540 1158 1605 dices
1207 1562 1347 1605 esse
1390 1539 1808 1624 fugiendum?
1896 1538 2051 1617 Non
2094 1539 2431 1624 ignoranti
2459 1566 2514 1606 15

407 1628 560 1711 tibi,
613 1628 850 1713 inquit,
905 1628 1060 1713 quid
1116 1628 1239 1692 sim
1294 1628 1637 1729 dicturum·
1661 1628 1773 1691 sed
1836 1613 2106 1712 aliquid,
2167 1630 2243 1692 ut
2303 1648 2429 1712 ego

410 1716 732 1800 suspicor,
788 1737 866 1780 ex
918 1737 1064 1780 mea
1118 1716 1299 1779 brevi
1343 1714 1763 1799 responsione
1816 1715 2099 1799 arripere
2141 1715 2432 1798 cupienti

408 1825 542 1869 non
577 1804 978 1888 respondebo
1017 1802 1099 1867 ad
1135 1802 1420 1887 singula,
1466 1802 1799 1885 explicabo
1836 1803 2081 1886 potiuS‚
2122 1803 2431 1887 quoniam

411 1891 608 1955 otiosi
655 1913 905 1975 311111113,
947 1888 1078 1954 11131
1115 1890 1394 1954 alienum
1432 1893 1655 1974 putaS,
1698 1893 1907 1955 totam
1944 1889 2218 1955 Zenonis
2257 1889 2430 1957 Stoi-

410 1999 754 2061 corumque
819 1977 1224 2043 sententiam.
1335 1976 1603 2041 Minime
1660 1977 1729 2041 id
1791 1978 2079 2079 quidem,
2140 1978 2429 2062 inquam,
2460 2006 2516 2046 20

411 2065 719 2148 alienum,
754 2066 1156 2149 multumque
1195 2065 1276 2129 ad
1314 2086 1407 2148 ea,
1444 2086 1607 2149 quae
1645 2066 2039 2150 quaerimus,
2080 2066 2427 2149 explicatio

307 2172 374 2220 15
411 2156 527 2216 tua
580 2152 710 2217 ista
761 2152 1122 2234 profecerit.
1220 2152 1651 2236 Experiamur
1713 2152 1943 2237 igitur,
2004 2154 2240 2238 inquit,
2298 2154 2430 2219 etsi

407 2239 610 2303 habet
679 2240 844 2303 haec
911 2237 1274 2303 Stoicorum
1346 2240 1515 2306 ratio
1587 2240 1917 2305 difficilius
1989 2241 2293 2325 quiddam
2361 2245 2429 2305 et

410 2326 761 2391 obscurius.
857 2325 1032 2392 Nam
1085 2348 1228 2391 cum
1282 2326 1356 2391 in
1410 2326 1654 2393 Graeco
1710 2332 2003 2394 sermone
2056 2328 2219 2394 haec
2280 2329 2429 2412 ipsa

409 2414 732 2499 quondam
789 2436 1004 2479 rerum
1072 2415 1339 2480 nomina
1393 2437 1711 2481 novarum
1740 2464 2018 2483 .......
2062 2437 2195 2480 11011
2247 2416 2427 2482 vide·
2458 2444 2518 2485 25

407 2502 676 2587 bantur,
732 2523 894 2586 quae
953 2524 1126 2567 nunc
1181 2504 1573 2569 consuetudo
1631 2504 1935 2568 diuturna
1998 2503 2208 2587 trivit,
2272 2504 2429 2589 quid

409 2612 628 2655 censes
682 2590 753 2654 in
810 2589 1045 2656 Latino
1103 2590 1288 2656 fore?
1400 2590 1810 2656 Facillimum
1862 2592 1932 2655 id
1986 2591 2246 2676 quidem
2308 2595 2429 2677 est,

407 2678 689 2761 inquam.
798 2676 868 2743 Si
931 2680 1102 2742 enim
1157 2678 1405 2743 Zenoni
1455 2677 1668 2762 licuit,
1734 2700 1878 2743 cum
1941 2700 2080 2743 rem
2144 2679 2427 2764 aliquam

407 2765 764 2829 invenisset
806 2765 1213 2843 inusitatam,
1259 2766 1622 2830 inauditum
1662 2786 1915 2851 quoque
1954 2766 2014 2830 ei
2049 2767 2147 2830 rei
2189 2788 2429 2832 nomen

406 2851 765 2952 imponere,
830 2874 941 2917 cur
999 2876 1133 2919 non
1192 2815 1391 2917 liceat
1455 2851 1731 2918 Catoni?
1836 2852 1977 2919 Nec
2039 2859 2260 2919 tamen
2320 2877 2428 2919 ex·
2454 2882 2518 2923 ao

407 2938 604 3020 primi
665 2902 934 3004 veibum
996 2961 1032 3003 e
1092 2941 1293 3006 verbo
1358 2962 1619 3005 necesse
1692 2940 1843 3025 erit,
1905 2944 1981 3005 ut
2039 2941 2426 3025 interpretes

407 3025 700 3089 indiserti
744 3026 985 3110 solent,
1032 3048 1178 3091 cum
1223 3028 1315 3091 sit
1354 3030 1649 3112 verbum,
1694 3029 1864 3112 quod
1908 3028 2081 3093 idem
2127 3030 2429 3115 declaret,

408 3113 620 3195 magis
687 3113 1017 3178 usitatum.
1124 3114 1444 3198 Equidem
1522 3116 1701 3181 soleo
1764 3116 1989 3199 etiam,
2060 3118 2232 3201 quod
2294 3139 2426 3184 uno

410 3197 669 3283 Graeci,
733 3199 789 3263 si
853 3202 1045 3266 aliter
1094 3223 1228 3266 non
1281 3224 1575 3287 possum,
1632 3203 1801 3267 idem
1858 3203 2155 3287 pluribus
2207 3206 2426 3270 verbis

409 3306 739 3370 exponere.
827 3288 919 3352 Et
963 3292 1183 3353 tamen
1226 3293 1387 3391 puto
1435 3290 1698 3355 concedi
1740 3292 1933 3356 nobis
1980 3295 2306 3377 oportere,
2351 3296 2429 3357 ut
2453 3320 2512 3361 35

408 3372 656 3440 Graeco
710 3376 906 3440 verbo
954 3381 1238 3460 utamur,
1297 3378 1355 3441 si
1409 3378 1663 3462 quando
1708 3378 1921 3443 minus
1970 3384 2263 3445 occurret
2306 3379 2427 3445 La-

405 3460 644 3547 tinum,
696 3483 779 3527 ne
832 3463 958 3530 hoc
1013 3464 1411 3548 ephippiis
1476 3468 1543 3529 et
1606 3466 2145 3550 acratophoris
2205 3469 2425 3551 potius
