2609 3884
373 109 462 172 32
913 100 1503 160 Acmmcomm
1532 100 1871 156 Pmomm
1946 153 1957 158 ,

371 273 617 351 autem,
687 266 844 352 quid
913 267 1146 351 cuique
1213 265 1311 330 rei
1381 268 1889 329 consentaneum
1956 269 2164 349 esset,
2246 267 2407 351 quid

373 318 790 442 repugnaret,
831 353 1242 418 videremus?
1295 351 1651 417 Memoriae
1690 352 1951 436 quidem
1994 357 2189 438 certe,
2234 377 2403 439 quae

373 467 508 510 non
576 444 772 509 modo
851 442 1369 527 philosophiam,
1438 441 1555 506 sed
1624 463 1885 506 omnem
1954 443 2131 506 vitae
2208 466 2405 508 usum

375 554 722 616 omnesque
779 537 956 595 artes
1005 552 1138 594 una
1187 531 1473 594 maxime
1525 530 1863 612 continet,-
1904 530 2071 594 nihil
2130 532 2405 596 omnino

373 622 504 686 loci
571 621 980 704 relinquitur.
1104 617 1282 694 Quae
1362 621 1585 701 potest
1644 619 1823 682 enim
1882 640 2025 682 esse
2084 621 2407 684 memoria
2430 647 2455 685 5

372 708 734 774 falsorum?
797 711 914 771 aut
979 705 1136 790 quid
1205 703 1551 790 quisqu'am
1624 706 1953 790 meminit,
2022 707 2195 790 quod
2265 731 2407 774 non

377 799 592 862 animo
647 794 1138 879 comprehendit
1181 799 1250 858 et
1299 794 1525 858 tenet?
1588 816 1695 857 ars
1746 815 1903 859 vero
1958 817 2123 878 quae
2174 800 2409 878 potest

377 907 538 968 esse,
579 885 710 948 nisi
753 905 920 968 quae
954 904 1090 946 non
1133 903 1212 946 ex
1245 903 1379 946 una
1413 886 1527 945 aut
1570 882 1847 965 duabus,
1892 883 2007 947 sed
2047 905 2127 947 ex
2170 885 2405 948 multis

375 973 578 1039 animi
637 971 1160 1054 perceptionibus
1225 969 1527 1035 constat?
1596 992 1793 1053 quam
1864 971 1923 1034 si
1984 971 2405 1056 subtraxeriS,
2549 983 2550 1060 g

375 1061 490 1146 qui
523 1060 884 1144 distingues
923 1059 1238 1124 artificem
1273 1060 1360 1123 ab
1394 1058 1645 1122 inscio?
1718 1057 1875 1123 Non
1908 1059 2083 1123 enim
2124 1060 2401 1124 fortuito
2430 1085 2477 1123 ιο
2549 1067 2550 1078 ’

374 1149 550 1214 hunc
583 1148 896 1212 artificem
929 1147 1214 1212 dicemus
1241 1169 1403 1229 esse,
1436 1147 1627 1210 illum
1659 1147 2062 1232 negabimuS,
2098 1148 2213 1212 sed
2248 1171 2403 1212 cum

377 1237 654 1300 alterum
723 1239 1030 1319 percepta
1109 1238 1178 1300 et
1247 1234 1715 1318 comprehensa
1793 1238 2013 1300 tenere
2086 1235 2403 1319 videmus,

377 1325 654 1389 alterum
703 1345 841 1388 non
891 1325 1070 1388 item.
1169 1320 1459 1406 Cumque
1516 1322 1757 1386 artium
1802 1323 1981 1386 aliud
2026 1324 2164 1388 eius
2218 1288 2403 1390 modi

375 1433 582 1499 genus
627 1412 740 1496 sit,
799 1415 875 1476 ut
917 1415 1178 1476 tautum
1221 1411 1417 1475 modo
1462 1411 1679 1475 animo
1724 1432 1863 1474 rem
1906 1414 2155 1489 cernat,
2200 1413 2403 1498 aliud,

373 1505 451 1566 ut
485 1500 793 1566 moliatur
829 1498 1073 1583 aliquid
1107 1503 1176 1562 et
1207 1499 1437 1581 faciat,
1480 1520 1609 1582 quo
1650 1498 1845 1564 modo
1880 1503 1996 1562 aut
2029 1461 2403 1584 geometres
2426 1524 2472 1564 15

375 1610 633 1656 cernere
678 1610 758 1653 ea
799 1591 1044 1671 potest,
1093 1608 1256 1670 quae
1303 1591 1417 1652 aut
1461 1587 1643 1651 nulla
1688 1589 1841 1650 sunt
1884 1591 2001 1651 aut
2042 1589 2402 1654 internosci

377 1701 416 1744 a
452 1677 638 1742 falsis
671 1697 806 1742 non
841 1678 1134 1760 possunt,
1169 1680 1284 1739 aut
1319 1674 1403 1753 ie,
1441 1675 1555 1759 qui
1587 1674 1823 1740 fidibus
1860 1676 2095 1759 utitur,
2140 1678 2401 1760 explere

374 1786 678 1832 numeros
724 1767 792 1830 et
826 1763 1138 1830 conficere
1173 1763 1443 1828 versus?
1520 1762 1707 1839 Quod
1749 1762 1978 1828 idem
1958 1786 2031 1827 ιιι
2074 1764 2399 1830 similibus

375 1874 670 2006 {1532330
683 1851 936 2023 Ἕῗξὲἒ
981 1851 1341 2025 Z‘gssfflffefi'
1364 1872 1953 2018 ἅὲῗιᾚιῃῖωὲἒι,
1968 1855 2401 2023 Ἕῖῖᾱθῖἐῖ
2424 1968 2469 2006 20

377 2027 546 2094 effici
573 2027 824 2180 ppssit,
877 2027 1007 2093 nisi
1059 2028 1143 2111 is,
1198 2027 1309 2111 qui
1356 2030 1563 2091 artem
1606 2027 1945 2112 tractabit,
1999 2029 2211 2093 multa
2254 2052 2398 2114 per-

379 2115 620 2201 ceperit

365 2241 372 2248 ·
507 2201 790 2268 Maxime
834 2224 985 2269 vero
1039 2203 1357 2268 virtutum
1410 2202 1695 2286 cognitio
1752 2203 2089 2268 confirmat
2146 2206 2397 2306 percipi

379 2295 446 2358 et
489 2289 942 2376 comprehendi
985 2291 1196 2355 multa
1238 2311 1448 2374 posse.
1546 2289 1624 2354 In
1679 2292 1911 2375 quibus
1968 2293 2127 2356 solis
2178 2294 2396 2358 inesse

377 2379 576 2446 etiam
662 2379 996 2446 scientiam
1067 2378 1340 2443 dicimus
1357 2427 1376 2461 ,
1446 2399 1641 2462 quam
1712 2401 1831 2444 nos
1904 2400 2033 2443 non
2110 2401 2398 2465 compre·
2422 2406 2469 2446 25

375 2466 759 2535 hensionem
820 2467 1010 2533 modo
1073 2488 1317 2550 rerum,
1391 2466 1503 2530 sed
1565 2488 1709 2530 eam
1772 2467 2076 2532 stabilem
2138 2491 2397 2554 quoque

377 2559 443 2624 et
495 2556 969 2622 immutabilem
1033 2577 1173 2620 esse
1238 2575 1571 2620 censemus
1580 2604 1599 2638 ,
1650 2555 1934 2639 itemque
1988 2556 2398 2640 sapientiam,

378 2647 585 2711 artem
632 2643 913 2727 vivendi,
959 2665 1121 2728 quae
1167 2643 1313 2727 ipsa
1360 2665 1437 2708 ex
1482 2663 1620 2707 sese
1664 2641 1905 2708 habeat
1944 2646 2399 2712 constantiam.

377 2729 477 2798 Ea
505 2733 720 2797 autem
749 2733 1114 2796 constantia
1140 2731 1197 2796 si
1231 2731 1399 2796 nihil
1435 2730 1674 2795 habeat
1708 2733 1993 2815 percepti
2032 2736 2097 2796 et
2132 2735 2398 2819 cogniti,

377 2839 644 2972 {³13³ssss
675 2817 884 2971 10¹2ssssss
896 2821 1078 2990 ‚¹²33
1115 2817 1367 2969 3323&
1394 2818 2397 2994 ἒῃῖἓθὲοὲἓιὶοιὲἓῗζθὲιῗῗὲ,
2421 2847 2469 2886 ³⁰

377 2992 777 3060 intolerabili
823 2991 1041 3058 dolore
1097 2992 1368 3057 lacerari
1412 2996 1657 3078 potius,
1712 3017 1905 3080 quam
1950 2999 2065 3059 aut
2108 2995 2395 3061 officium

374 3081 614 3168 prodat
676 3083 788 3147 aut
850 3080 1067 3166 fidem,
1140 3102 1252 3146 cur
1313 3081 1434 3146 has
1499 3083 1624 3147 sibi
1680 3085 1839 3148 tam
1910 3103 2137 3168 graves
2211 3084 2393 3168 leges

376 3169 788 3256 imposuerit,
835 3190 1008 3254 cum,
1073 3191 1267 3256 quam
1327 3171 1409 3236 ob
1464 3191 1599 3235 rem
1651 3170 1747 3234 ita
1810 3174 2160 3256 oporteret,
2220 3173 2395 3238 nihil

375 3257 646 3324 haberet
735 3219 1206 3342 comprehensi,
1287 3259 1601 3342 percepti,
1681 3258 1953 3342 cogniti,
2034 3261 2393 3326 constituti.
2419 3286 2465 3326 35

375 3341 576 3411 Nullo
642 3344 843 3431 igitur
908 3345 1097 3412 modo
1170 3345 1312 3409 fieri
1372 3348 1617 3427 potest,
1683 3348 1758 3409 ut
1820 3347 2163 3431 quisquam
2223 3351 2395 3413 tanti

377 3431 679 3498 aestimet
742 3433 1137 3519 aequitatem
1193 3436 1258 3496 et
1310 3431 1529 3512 fidem,
1590 3435 1665 3495 ut
1726 3433 1863 3498 eius
1923 3436 2392 3503 conservandae
