<?xml version="1.0" encoding="UTF-8"?>
<!DOCTYPE html PUBLIC "-//W3C//DTD XHTML 1.0 Transitional//EN"
    "http://www.w3.org/TR/xhtml1/DTD/xhtml1-transitional.dtd">
<html xmlns="http://www.w3.org/1999/xhtml" xml:lang="en" lang="en">
 <head>
  <title>
</title>
<meta http-equiv="Content-Type" content="text/html;charset=utf-8" />
  <meta name='ocr-system' content='tesseract 3.04.00' />
  <meta name='ocr-capabilities' content='ocr_page ocr_carea ocr_par ocr_line ocrx_word'/>
</head>
<body>
  <div class='ocr_page' id='page_1' title='image "./scriptaquaemans01mlgoog_0313.png"; bbox 0 0 2609 3884; ppageno 0'>
   <div class='ocr_carea' id='block_1_1' title="bbox 721 152 2287 225">
    <p class='ocr_par' dir='ltr' id='par_1_1' title="bbox 721 152 2287 225">
     <span class='ocr_line' id='line_1_1' title="bbox 721 152 2287 225; baseline 0.01 -15"><span class='ocrx_word' id='word_1_1' title='bbox 721 156 854 211; x_wconf 72' lang='grc' dir='ltr'><strong>ΜΒ.</strong></span> <span class='ocrx_word' id='word_1_2' title='bbox 893 156 958 213; x_wconf 86' lang='lat' dir='ltr'><strong>v.</strong></span> <span class='ocrx_word' id='word_1_3' title='bbox 1017 157 1168 212; x_wconf 84' lang='lat' dir='ltr'>CAP.</span> <span class='ocrx_word' id='word_1_4' title='bbox 1208 154 1453 213; x_wconf 79' lang='lat'><strong>21—23.</strong></span> <span class='ocrx_word' id='word_1_5' title='bbox 1511 152 1541 225; x_wconf 65' lang='grc' dir='ltr'>ξ</span> <span class='ocrx_word' id='word_1_6' title='bbox 1580 154 1823 215; x_wconf 70' lang='grc' dir='ltr'><strong>60-ὃὸ.</strong></span> <span class='ocrx_word' id='word_1_7' title='bbox 2140 158 2287 225; x_wconf 79' lang='grc'><strong>,263</strong></span> 
     </span>
    </p>
   </div>
   <div class='ocr_carea' id='block_1_2' title="bbox 175 313 2388 3569">
    <p class='ocr_par' dir='ltr' id='par_1_2' title="bbox 182 313 2388 2057">
     <span class='ocr_line' id='line_1_2' title="bbox 271 313 2284 404; baseline 0.001 -20"><span class='ocrx_word' id='word_1_8' title='bbox 271 314 434 384; x_wconf 86' lang='lat' dir='ltr'><strong>Cum</strong></span> <span class='ocrx_word' id='word_1_9' title='bbox 472 321 689 385; x_wconf 89' lang='lat' dir='ltr'><strong>autem</strong></span> <span class='ocrx_word' id='word_1_10' title='bbox 729 320 928 386; x_wconf 88' lang='lat' dir='ltr'><strong>etiam</strong></span> <span class='ocrx_word' id='word_1_11' title='bbox 965 322 1173 385; x_wconf 84' lang='lat' dir='ltr'><strong>exitus</strong></span> <span class='ocrx_word' id='word_1_12' title='bbox 1221 320 1303 385; x_wconf 87' lang='lat' dir='ltr'><strong>ab</strong></span> <span class='ocrx_word' id='word_1_13' title='bbox 1352 324 1624 404; x_wconf 86' lang='lat' dir='ltr'><strong>utroque</strong></span> <span class='ocrx_word' id='word_1_14' title='bbox 1671 320 1863 384; x_wconf 89' lang='lat' dir='ltr'><strong>datur</strong></span> <span class='ocrx_word' id='word_1_15' title='bbox 1900 313 2284 388; x_wconf 85' lang='lat' dir='ltr'><strong>conturbato</strong></span> 
     </span>
     <span class='ocr_line' id='line_1_3' title="bbox 271 407 2285 493; baseline 0.001 -21"><span class='ocrx_word' id='word_1_16' title='bbox 271 408 636 491; x_wconf 78' lang='lat' dir='ltr'><strong>errantique</strong></span> <span class='ocrx_word' id='word_1_17' title='bbox 692 408 860 493; x_wconf 82' lang='lat' dir='ltr'><strong>regi:</strong></span> <span class='ocrx_word' id='word_1_18' title='bbox 927 407 1198 473; x_wconf 74' lang='lat' dir='ltr'><strong>‘Ambo</strong></span> <span class='ocrx_word' id='word_1_19' title='bbox 1262 428 1447 493; x_wconf 85' lang='lat' dir='ltr'><strong>ergo</strong></span> <span class='ocrx_word' id='word_1_20' title='bbox 1508 430 1656 472; x_wconf 92' lang='lat' dir='ltr'><strong>una</strong></span> <span class='ocrx_word' id='word_1_21' title='bbox 1713 408 2060 474; x_wconf 89' lang='lat' dir='ltr'><strong>necarier</strong></span> <span class='ocrx_word' id='word_1_22' title='bbox 2118 432 2285 493; x_wconf 89' lang='lat' dir='ltr'><strong>pre-</strong></span> 
     </span>
     <span class='ocr_line' id='line_1_4' title="bbox 271 494 2284 581; baseline 0.001 -21"><span class='ocrx_word' id='word_1_23' title='bbox 271 494 581 579; x_wconf 84' lang='lat' dir='ltr'><strong>camnr&#39;,</strong></span> <span class='ocrx_word' id='word_1_24' title='bbox 645 496 942 581; x_wconf 89' lang='lat' dir='ltr'><strong>quotiens</strong></span> <span class='ocrx_word' id='word_1_25' title='bbox 1006 496 1130 562; x_wconf 93' lang='lat' dir='ltr'><strong>hoc</strong></span> <span class='ocrx_word' id='word_1_26' title='bbox 1195 497 1439 579; x_wconf 84' lang='lat' dir='ltr'><strong>agitur,</strong></span> <span class='ocrx_word' id='word_1_27' title='bbox 1514 496 1924 580; x_wconf 81' lang='lat' dir='ltr'>ecquandone</span> <span class='ocrx_word' id='word_1_28' title='bbox 1986 497 2112 561; x_wconf 87' lang='lat' dir='ltr'><strong>nisi</strong></span> <span class='ocrx_word' id='word_1_29' title='bbox 2177 497 2284 562; x_wconf 86' lang='lat' dir='ltr'><strong>ad-</strong></span> 
     </span>
     <span class='ocr_line' id='line_1_5' title="bbox 269 583 2284 669; baseline 0.001 -22"><span class='ocrx_word' id='word_1_30' title='bbox 269 583 722 649; x_wconf 84' lang='lat' dir='ltr'><strong>mirationibus</strong></span> <span class='ocrx_word' id='word_1_31' title='bbox 778 584 1121 650; x_wconf 79' lang='lat' dir='ltr'><strong>maximis?</strong></span> <span class='ocrx_word' id='word_1_32' title='bbox 1210 584 1421 649; x_wconf 89' lang='lat' dir='ltr'><strong>Nemo</strong></span> <span class='ocrx_word' id='word_1_33' title='bbox 1478 587 1579 648; x_wconf 90' lang='lat' dir='ltr'><strong>est</strong></span> <span class='ocrx_word' id='word_1_34' title='bbox 1630 584 1855 669; x_wconf 85' lang='lat' dir='ltr'><strong>igitur,</strong></span> <span class='ocrx_word' id='word_1_35' title='bbox 1912 585 2068 669; x_wconf 89' lang='lat' dir='ltr'><strong>quin</strong></span> <span class='ocrx_word' id='word_1_36' title='bbox 2116 584 2284 650; x_wconf 91' lang='lat' dir='ltr'><strong>hanc</strong></span> 
     </span>
     <span class='ocr_line' id='line_1_6' title="bbox 215 671 2283 757; baseline 0 -20"><span class='ocrx_word' id='word_1_37' title='bbox 215 697 242 737; x_wconf 82' lang='lat'><strong>5</strong></span> <span class='ocrx_word' id='word_1_38' title='bbox 273 671 673 737; x_wconf 85' lang='lat' dir='ltr'><strong>affectionem</strong></span> <span class='ocrx_word' id='word_1_39' title='bbox 721 672 924 737; x_wconf 82' lang='lat' dir='ltr'><strong>animi</strong></span> <span class='ocrx_word' id='word_1_40' title='bbox 971 671 1205 757; x_wconf 85' lang='lat' dir='ltr'><strong>probet</strong></span> <span class='ocrx_word' id='word_1_41' title='bbox 1243 676 1434 756; x_wconf 89' lang='lat' dir='ltr'><strong>atque</strong></span> <span class='ocrx_word' id='word_1_42' title='bbox 1471 671 1718 756; x_wconf 89' lang='lat' dir='ltr'><strong>laudet,</strong></span> <span class='ocrx_word' id='word_1_43' title='bbox 1764 694 1893 756; x_wconf 91' lang='lat' dir='ltr'><strong>qua</strong></span> <span class='ocrx_word' id='word_1_44' title='bbox 1925 693 2056 737; x_wconf 91' lang='lat' dir='ltr'><strong>non</strong></span> <span class='ocrx_word' id='word_1_45' title='bbox 2093 673 2283 738; x_wconf 87' lang='lat' dir='ltr'><strong>modo</strong></span> 
     </span>
     <span class='ocr_line' id='line_1_7' title="bbox 271 758 2285 844; baseline 0.001 -21"><span class='ocrx_word' id='word_1_46' title='bbox 271 758 522 825; x_wconf 87' lang='lat' dir='ltr'><strong>utilitas</strong></span> <span class='ocrx_word' id='word_1_47' title='bbox 574 760 758 825; x_wconf 84' lang='lat' dir='ltr'><strong>nulla</strong></span> <span class='ocrx_word' id='word_1_48' title='bbox 814 760 1173 844; x_wconf 87' lang='lat' dir='ltr'><strong>quaeritur,</strong></span> <span class='ocrx_word' id='word_1_49' title='bbox 1229 760 1343 825; x_wconf 91' lang='lat' dir='ltr'><strong>sed</strong></span> <span class='ocrx_word' id='word_1_50' title='bbox 1396 764 1621 825; x_wconf 89' lang='lat' dir='ltr'><strong>contra</strong></span> <span class='ocrx_word' id='word_1_51' title='bbox 1674 760 2027 824; x_wconf 74' lang='lat' dir='ltr'><strong>utilitatem</strong></span> <span class='ocrx_word' id='word_1_52' title='bbox 2088 762 2285 825; x_wconf 89' lang='lat' dir='ltr'><strong>etiam</strong></span> 
     </span>
     <span class='ocr_line' id='line_1_8' title="bbox 271 848 2388 931; baseline 0.002 -20"><span class='ocrx_word' id='word_1_53' title='bbox 271 850 688 913; x_wconf 80' lang='lat' dir='ltr'><strong>conservatur</strong></span> <span class='ocrx_word' id='word_1_54' title='bbox 730 848 904 913; x_wconf 87' lang='lat' dir='ltr'><strong>fides.</strong></span> <span class='ocrx_word' id='word_1_55' title='bbox 989 848 1258 913; x_wconf 86' lang='lat' dir='ltr'><strong>Talibus</strong></span> <span class='ocrx_word' id='word_1_56' title='bbox 1305 848 1616 931; x_wconf 88' lang='lat' dir='ltr'><strong>exemplis</strong></span> <span class='ocrx_word' id='word_1_57' title='bbox 1661 869 1793 913; x_wconf 92' lang='lat' dir='ltr'><strong>non</strong></span> <span class='ocrx_word' id='word_1_58' title='bbox 1836 848 2026 913; x_wconf 87' lang='lat' dir='ltr'><strong>fictae</strong></span> <span class='ocrx_word' id='word_1_59' title='bbox 2073 849 2285 913; x_wconf 86' lang='lat' dir='ltr'><strong>solum</strong></span> <span class='ocrx_word' id='word_1_60' title='bbox 2322 861 2388 915; x_wconf 81' lang='grc'><strong>64</strong></span> 
     </span>
     <span class='ocr_line' id='line_1_9' title="bbox 267 934 2286 1020; baseline 0.001 -22"><span class='ocrx_word' id='word_1_61' title='bbox 267 934 556 1018; x_wconf 86' lang='lat' dir='ltr'><strong>fabulae,</strong></span> <span class='ocrx_word' id='word_1_62' title='bbox 591 936 1049 1003; x_wconf 80' lang='lat' dir='ltr'><strong>verumetiam</strong></span> <span class='ocrx_word' id='word_1_63' title='bbox 1083 935 1401 1000; x_wconf 79' lang='lat' dir='ltr'><strong>historiae</strong></span> <span class='ocrx_word' id='word_1_64' title='bbox 1436 935 1705 1000; x_wconf 80' lang='lat' dir='ltr'><strong>refertae</strong></span> <span class='ocrx_word' id='word_1_65' title='bbox 1736 937 1905 1015; x_wconf 89' lang='lat' dir='ltr'><strong>sunt,</strong></span> <span class='ocrx_word' id='word_1_66' title='bbox 1926 941 1993 1000; x_wconf 90' lang='lat' dir='ltr'><strong>et</strong></span> <span class='ocrx_word' id='word_1_67' title='bbox 2028 937 2286 1020; x_wconf 90' lang='lat' dir='ltr'><strong>quidem</strong></span> 
     </span>
     <span class='ocr_line' id='line_1_10' title="bbox 267 1022 2283 1108; baseline 0.001 -21"><span class='ocrx_word' id='word_1_68' title='bbox 267 1024 546 1088; x_wconf 86' lang='lat' dir='ltr'><strong>maxime</strong></span> <span class='ocrx_word' id='word_1_69' title='bbox 588 1027 868 1090; x_wconf 86' lang='lat' dir='ltr'><strong>nostrae.</strong></span> <span class='ocrx_word' id='word_1_70' title='bbox 939 1024 1078 1091; x_wconf 89' lang='lat' dir='ltr'><strong>Nos</strong></span> <span class='ocrx_word' id='word_1_71' title='bbox 1119 1024 1290 1089; x_wconf 89' lang='lat' dir='ltr'><strong>enim</strong></span> <span class='ocrx_word' id='word_1_72' title='bbox 1328 1023 1410 1088; x_wconf 88' lang='lat' dir='ltr'><strong>ad</strong></span> <span class='ocrx_word' id='word_1_73' title='bbox 1448 1045 1631 1088; x_wconf 91' lang='lat' dir='ltr'><strong>sacra</strong></span> <span class='ocrx_word' id='word_1_74' title='bbox 1672 1022 1867 1088; x_wconf 87' lang='lat' dir='ltr'><strong>Idaea</strong></span> <span class='ocrx_word' id='word_1_75' title='bbox 1912 1024 2283 1108; x_wconf 88' lang='lat' dir='ltr'><strong>accipienda</strong></span> 
     </span>
     <span class='ocr_line' id='line_1_11' title="bbox 189 1111 2284 1197; baseline 0 -21"><span class='ocrx_word' id='word_1_76' title='bbox 189 1137 240 1177; x_wconf 82' lang='grc' dir='ltr'><strong>ιο</strong></span> <span class='ocrx_word' id='word_1_77' title='bbox 268 1112 586 1195; x_wconf 88' lang='lat' dir='ltr'><strong>optimum</strong></span> <span class='ocrx_word' id='word_1_78' title='bbox 629 1114 842 1177; x_wconf 83' lang='lat' dir='ltr'><strong>virum</strong></span> <span class='ocrx_word' id='word_1_79' title='bbox 886 1111 1268 1197; x_wconf 83' lang='lat' dir='ltr'><strong>delegimus,</strong></span> <span class='ocrx_word' id='word_1_80' title='bbox 1322 1133 1441 1177; x_wconf 90' lang='lat' dir='ltr'><strong>nos</strong></span> <span class='ocrx_word' id='word_1_81' title='bbox 1495 1114 1745 1176; x_wconf 88' lang='lat' dir='ltr'><strong>tutores</strong></span> <span class='ocrx_word' id='word_1_82' title='bbox 1791 1112 2053 1197; x_wconf 87' lang='lat' dir='ltr'><strong>regibus</strong></span> <span class='ocrx_word' id='word_1_83' title='bbox 2106 1112 2284 1177; x_wconf 90' lang='lat' dir='ltr'><strong>misi-</strong></span> 
     </span>
     <span class='ocr_line' id='line_1_12' title="bbox 266 1199 2285 1284; baseline 0 -20"><span class='ocrx_word' id='word_1_84' title='bbox 266 1221 439 1284; x_wconf 87' lang='grc'><strong>111118,</strong></span> <span class='ocrx_word' id='word_1_85' title='bbox 483 1200 694 1267; x_wconf 84' lang='lat' dir='ltr'><strong>nostri</strong></span> <span class='ocrx_word' id='word_1_86' title='bbox 737 1201 1159 1284; x_wconf 86' lang='lat' dir='ltr'><strong>imperatores</strong></span> <span class='ocrx_word' id='word_1_87' title='bbox 1205 1222 1323 1283; x_wconf 94' lang='lat' dir='ltr'><strong>pro</strong></span> <span class='ocrx_word' id='word_1_88' title='bbox 1365 1199 1572 1264; x_wconf 87' lang='lat' dir='ltr'><strong>salute</strong></span> <span class='ocrx_word' id='word_1_89' title='bbox 1616 1199 1865 1283; x_wconf 87' lang='lat' dir='ltr'><strong>patriae</strong></span> <span class='ocrx_word' id='word_1_90' title='bbox 1914 1222 2032 1264; x_wconf 89' lang='lat' dir='ltr'><strong>sua</strong></span> <span class='ocrx_word' id='word_1_91' title='bbox 2068 1200 2285 1283; x_wconf 87' lang='lat' dir='ltr'><strong>capita</strong></span> 
     </span>
     <span class='ocr_line' id='line_1_13' title="bbox 267 1287 2284 1373; baseline 0 -21"><span class='ocrx_word' id='word_1_92' title='bbox 267 1292 606 1372; x_wconf 84' lang='lat' dir='ltr'><strong>voverunt,</strong></span> <span class='ocrx_word' id='word_1_93' title='bbox 649 1288 860 1354; x_wconf 83' lang='lat' dir='ltr'><strong>nostri</strong></span> <span class='ocrx_word' id='word_1_94' title='bbox 899 1288 1190 1353; x_wconf 86' lang='lat' dir='ltr'><strong>consules</strong></span> <span class='ocrx_word' id='word_1_95' title='bbox 1232 1308 1452 1373; x_wconf 84' lang='lat' dir='ltr'><strong>regem</strong></span> <span class='ocrx_word' id='word_1_96' title='bbox 1488 1287 2005 1352; x_wconf 89' lang='lat' dir='ltr'><strong>inimicissimum</strong></span> <span class='ocrx_word' id='word_1_97' title='bbox 2042 1289 2284 1354; x_wconf 90' lang='lat' dir='ltr'><strong>moeni-</strong></span> 
     </span>
     <span class='ocr_line' id='line_1_14' title="bbox 265 1375 2285 1461; baseline 0.001 -22"><span class='ocrx_word' id='word_1_98' title='bbox 265 1375 389 1441; x_wconf 91' lang='lat' dir='ltr'><strong>bus</strong></span> <span class='ocrx_word' id='word_1_99' title='bbox 444 1382 576 1441; x_wconf 87' lang='lat' dir='ltr'><strong>iam</strong></span> <span class='ocrx_word' id='word_1_100' title='bbox 634 1376 1260 1461; x_wconf 87' lang='lat' dir='ltr'><strong>appropinquantem</strong></span> <span class='ocrx_word' id='word_1_101' title='bbox 1322 1378 1735 1454; x_wconf 90' lang='lat' dir='ltr'><strong>monuerunt,</strong></span> <span class='ocrx_word' id='word_1_102' title='bbox 1800 1398 1839 1439; x_wconf 94' lang='lat' dir='ltr'><strong>a</strong></span> <span class='ocrx_word' id='word_1_103' title='bbox 1900 1397 2145 1441; x_wconf 83' lang='lat' dir='ltr'><strong>veneno</strong></span> <span class='ocrx_word' id='word_1_104' title='bbox 2210 1379 2285 1442; x_wconf 89' lang='lat' dir='ltr'><strong>ut</strong></span> 
     </span>
     <span class='ocr_line' id='line_1_15' title="bbox 267 1463 2285 1548; baseline 0 -21"><span class='ocrx_word' id='word_1_105' title='bbox 267 1468 548 1547; x_wconf 84' lang='lat' dir='ltr'><strong>caveret,</strong></span> <span class='ocrx_word' id='word_1_106' title='bbox 601 1467 829 1529; x_wconf 86' lang='lat' dir='ltr'><strong>nostra</strong></span> <span class='ocrx_word' id='word_1_107' title='bbox 881 1464 953 1528; x_wconf 94' lang='lat' dir='ltr'><strong>in</strong></span> <span class='ocrx_word' id='word_1_108' title='bbox 1007 1485 1076 1527; x_wconf 89' lang='lat' dir='ltr'><strong>re</strong></span> <span class='ocrx_word' id='word_1_109' title='bbox 1129 1463 1395 1547; x_wconf 91' lang='lat' dir='ltr'><strong>publica</strong></span> <span class='ocrx_word' id='word_1_110' title='bbox 1449 1466 1539 1547; x_wconf 90' lang='lat' dir='ltr'><strong>et,</strong></span> <span class='ocrx_word' id='word_1_111' title='bbox 1595 1484 1759 1548; x_wconf 89' lang='lat' dir='ltr'><strong>quae</strong></span> <span class='ocrx_word' id='word_1_112' title='bbox 1812 1485 1929 1546; x_wconf 90' lang='lat' dir='ltr'><strong>per</strong></span> <span class='ocrx_word' id='word_1_113' title='bbox 1982 1464 2114 1528; x_wconf 88' lang='lat' dir='ltr'><strong>vim</strong></span> <span class='ocrx_word' id='word_1_114' title='bbox 2171 1464 2285 1530; x_wconf 94' lang='lat' dir='ltr'><strong>ob-</strong></span> 
     </span>
     <span class='ocr_line' id='line_1_16' title="bbox 184 1551 2314 1635; baseline -0.001 -18"><span class='ocrx_word' id='word_1_115' title='bbox 184 1578 238 1617; x_wconf 81' lang='lat'><strong>15</strong></span> <span class='ocrx_word' id='word_1_116' title='bbox 266 1552 473 1617; x_wconf 88' lang='lat' dir='ltr'><strong>latum</strong></span> <span class='ocrx_word' id='word_1_117' title='bbox 528 1554 826 1635; x_wconf 86' lang='lat' dir='ltr'><strong>stuprum</strong></span> <span class='ocrx_word' id='word_1_118' title='bbox 878 1552 1250 1617; x_wconf 84' lang='lat' dir='ltr'><strong>voluntaria</strong></span> <span class='ocrx_word' id='word_1_119' title='bbox 1303 1554 1510 1616; x_wconf 88' lang='lat' dir='ltr'><strong>morte</strong></span> <span class='ocrx_word' id='word_1_120' title='bbox 1564 1553 1797 1634; x_wconf 88' lang='lat' dir='ltr'><strong>lueret,</strong></span> <span class='ocrx_word' id='word_1_121' title='bbox 1860 1551 2127 1615; x_wconf 88' lang='lat' dir='ltr'><strong>inventa</strong></span> <span class='ocrx_word' id='word_1_122' title='bbox 2185 1556 2314 1615; x_wconf 66' lang='lat' dir='ltr'><strong>est=</strong></span> 
     </span>
     <span class='ocr_line' id='line_1_17' title="bbox 265 1638 2283 1724; baseline -0 -20"><span class='ocrx_word' id='word_1_123' title='bbox 265 1642 356 1723; x_wconf 89' lang='lat' dir='ltr'><strong>et,</strong></span> <span class='ocrx_word' id='word_1_124' title='bbox 395 1640 506 1724; x_wconf 89' lang='lat' dir='ltr'><strong>qui</strong></span> <span class='ocrx_word' id='word_1_125' title='bbox 539 1639 746 1705; x_wconf 89' lang='lat' dir='ltr'><strong>filiam</strong></span> <span class='ocrx_word' id='word_1_126' title='bbox 780 1640 1201 1723; x_wconf 87' lang='lat' dir='ltr'><strong>interficeret,</strong></span> <span class='ocrx_word' id='word_1_127' title='bbox 1236 1660 1318 1703; x_wconf 89' lang='lat' dir='ltr'><strong>ne</strong></span> <span class='ocrx_word' id='word_1_128' title='bbox 1356 1642 1789 1723; x_wconf 80' lang='lat' dir='ltr'><strong>stupraretur3</strong></span> <span class='ocrx_word' id='word_1_129' title='bbox 1827 1660 1989 1722; x_wconf 89' lang='lat' dir='ltr'><strong>quae</strong></span> <span class='ocrx_word' id='word_1_130' title='bbox 2026 1638 2283 1723; x_wconf 88' lang='lat' dir='ltr'><strong>quidem</strong></span> 
     </span>
     <span class='ocr_line' id='line_1_18' title="bbox 263 1726 2283 1811; baseline 0 -20"><span class='ocrx_word' id='word_1_131' title='bbox 263 1728 486 1792; x_wconf 90' lang='lat' dir='ltr'><strong>omnia</strong></span> <span class='ocrx_word' id='word_1_132' title='bbox 540 1730 606 1791; x_wconf 89' lang='lat' dir='ltr'><strong>et</strong></span> <span class='ocrx_word' id='word_1_133' title='bbox 662 1727 1158 1793; x_wconf 88' lang='lat' dir='ltr'><strong>innumerabilia</strong></span> <span class='ocrx_word' id='word_1_134' title='bbox 1210 1730 1544 1810; x_wconf 87' lang='lat' dir='ltr'><strong>praeterea</strong></span> <span class='ocrx_word' id='word_1_135' title='bbox 1607 1726 1748 1811; x_wconf 86' lang='lat' dir='ltr'><strong>quis</strong></span> <span class='ocrx_word' id='word_1_136' title='bbox 1810 1730 1910 1790; x_wconf 87' lang='lat' dir='ltr'><strong>est</strong></span> <span class='ocrx_word' id='word_1_137' title='bbox 1969 1728 2127 1810; x_wconf 90' lang='lat' dir='ltr'><strong>quin</strong></span> <span class='ocrx_word' id='word_1_138' title='bbox 2188 1727 2283 1791; x_wconf 92' lang='lat' dir='ltr'><strong>in·</strong></span> 
     </span>
     <span class='ocr_line' id='line_1_19' title="bbox 261 1814 2281 1901; baseline -0.001 -20"><span class='ocrx_word' id='word_1_139' title='bbox 261 1815 536 1900; x_wconf 86' lang='lat' dir='ltr'><strong>tellegat</strong></span> <span class='ocrx_word' id='word_1_140' title='bbox 571 1818 636 1879; x_wconf 91' lang='lat' dir='ltr'><strong>et</strong></span> <span class='ocrx_word' id='word_1_141' title='bbox 673 1837 800 1895; x_wconf 92' lang='lat' dir='ltr'><strong>eos,</strong></span> <span class='ocrx_word' id='word_1_142' title='bbox 838 1816 950 1901; x_wconf 90' lang='lat' dir='ltr'><strong>qui</strong></span> <span class='ocrx_word' id='word_1_143' title='bbox 985 1815 1274 1897; x_wconf 81' lang='lat' dir='ltr'><strong>fecerint,</strong></span> <span class='ocrx_word' id='word_1_144' title='bbox 1314 1814 1651 1899; x_wconf 88' lang='lat' dir='ltr'><strong>dignitatis</strong></span> <span class='ocrx_word' id='word_1_145' title='bbox 1681 1814 2021 1897; x_wconf 87' lang='lat' dir='ltr'><strong>splendore</strong></span> <span class='ocrx_word' id='word_1_146' title='bbox 2056 1814 2281 1879; x_wconf 88' lang='lat' dir='ltr'><strong>ductos</strong></span> 
     </span>
     <span class='ocr_line' id='line_1_20' title="bbox 261 1903 2285 1986; baseline 0 -19"><span class='ocrx_word' id='word_1_147' title='bbox 261 1904 673 1969; x_wconf 86' lang='lat' dir='ltr'><strong>immemores</strong></span> <span class='ocrx_word' id='word_1_148' title='bbox 717 1903 917 1969; x_wconf 86' lang='lat' dir='ltr'><strong>fuisse</strong></span> <span class='ocrx_word' id='word_1_149' title='bbox 963 1903 1324 1967; x_wconf 87' lang='lat' dir='ltr'><strong>utilitatum</strong></span> <span class='ocrx_word' id='word_1_150' title='bbox 1362 1924 1651 1986; x_wconf 87' lang='lat' dir='ltr'><strong>suarum,</strong></span> <span class='ocrx_word' id='word_1_151' title='bbox 1695 1923 1941 1985; x_wconf 89' lang='lat' dir='ltr'><strong>nosque</strong></span> <span class='ocrx_word' id='word_1_152' title='bbox 1950 1950 1967 1981; x_wconf 92' lang='lat'>‚</span> <span class='ocrx_word' id='word_1_153' title='bbox 2013 1924 2161 1967; x_wconf 90' lang='lat' dir='ltr'><strong>cum</strong></span> <span class='ocrx_word' id='word_1_154' title='bbox 2208 1924 2285 1967; x_wconf 90' lang='lat' dir='ltr'><strong>ea</strong></span> 
     </span>
     <span class='ocr_line' id='line_1_21' title="bbox 182 1989 1938 2072; baseline -0.002 -15"><span class='ocrx_word' id='word_1_155' title='bbox 182 2016 240 2057; x_wconf 82' lang='lat'><strong>20</strong></span> <span class='ocrx_word' id='word_1_156' title='bbox 265 1989 628 2072; x_wconf 76' lang='lat' dir='ltr'><strong>laudemus,</strong></span> <span class='ocrx_word' id='word_1_157' title='bbox 672 1992 854 2056; x_wconf 88' lang='lat' dir='ltr'><strong>nulla</strong></span> <span class='ocrx_word' id='word_1_158' title='bbox 899 1991 1028 2056; x_wconf 93' lang='lat' dir='ltr'><strong>alia</strong></span> <span class='ocrx_word' id='word_1_159' title='bbox 1069 2013 1139 2056; x_wconf 86' lang='lat' dir='ltr'><strong>re</strong></span> <span class='ocrx_word' id='word_1_160' title='bbox 1183 1990 1311 2055; x_wconf 88' lang='lat' dir='ltr'><strong>nisi</strong></span> <span class='ocrx_word' id='word_1_161' title='bbox 1358 1990 1702 2055; x_wconf 85' lang='lat' dir='ltr'><strong>honestate</strong></span> <span class='ocrx_word' id='word_1_162' title='bbox 1747 1989 1938 2055; x_wconf 80' lang='lat' dir='ltr'><strong>duci?</strong></span> 
     </span>
    </p>

    <p class='ocr_par' dir='ltr' id='par_1_3' title="bbox 263 2074 2385 2427">
     <span class='ocr_line' id='line_1_22' title="bbox 401 2074 2385 2163; baseline 0.001 -22"><span class='ocrx_word' id='word_1_163' title='bbox 401 2077 646 2154; x_wconf 82' lang='lat' dir='ltr'><strong>Quibus</strong></span> <span class='ocrx_word' id='word_1_164' title='bbox 709 2079 900 2143; x_wconf 89' lang='lat' dir='ltr'><strong>rebus</strong></span> <span class='ocrx_word' id='word_1_165' title='bbox 963 2078 1248 2143; x_wconf 89' lang='lat' dir='ltr'><strong>breviter</strong></span> <span class='ocrx_word' id='word_1_166' title='bbox 1311 2078 1622 2161; x_wconf 88' lang='lat' dir='ltr'><strong>expositis</strong></span> <span class='ocrx_word' id='word_1_167' title='bbox 1696 2074 1839 2163; x_wconf 91' lang='lat' dir='ltr'><strong>(nec</strong></span> <span class='ocrx_word' id='word_1_168' title='bbox 1902 2078 2075 2143; x_wconf 91' lang='lat' dir='ltr'><strong>enim</strong></span> <span class='ocrx_word' id='word_1_169' title='bbox 2140 2100 2281 2143; x_wconf 87' lang='lat' dir='ltr'><strong>sum</strong></span> <span class='ocrx_word' id='word_1_170' title='bbox 2302 2084 2385 2149; x_wconf 80' lang='lat'><strong>23</strong></span> 
     </span>
     <span class='ocr_line' id='line_1_23' title="bbox 267 2165 2285 2252; baseline 0.001 -22"><span class='ocrx_word' id='word_1_171' title='bbox 267 2166 551 2249; x_wconf 89' lang='lat' dir='ltr'><strong>copiam,</strong></span> <span class='ocrx_word' id='word_1_172' title='bbox 596 2188 793 2249; x_wconf 90' lang='lat' dir='ltr'><strong>quam</strong></span> <span class='ocrx_word' id='word_1_173' title='bbox 837 2166 1048 2250; x_wconf 89' lang='lat' dir='ltr'><strong>potui,</strong></span> <span class='ocrx_word' id='word_1_174' title='bbox 1107 2167 1259 2250; x_wconf 87' lang='lat' dir='ltr'><strong>quia</strong></span> <span class='ocrx_word' id='word_1_175' title='bbox 1303 2165 1623 2230; x_wconf 86' lang='lat' dir='ltr'><strong>dubitatio</strong></span> <span class='ocrx_word' id='word_1_176' title='bbox 1668 2166 1739 2230; x_wconf 92' lang='lat' dir='ltr'><strong>in</strong></span> <span class='ocrx_word' id='word_1_177' title='bbox 1781 2187 1850 2230; x_wconf 89' lang='lat' dir='ltr'><strong>re</strong></span> <span class='ocrx_word' id='word_1_178' title='bbox 1894 2166 2081 2230; x_wconf 89' lang='lat' dir='ltr'><strong>nulla</strong></span> <span class='ocrx_word' id='word_1_179' title='bbox 2127 2170 2285 2252; x_wconf 86' lang='lat' dir='ltr'><strong>erat,</strong></span> 
     </span>
     <span class='ocr_line' id='line_1_24' title="bbox 266 2249 2283 2339; baseline -0.001 -20"><span class='ocrx_word' id='word_1_180' title='bbox 266 2249 671 2339; x_wconf 88' lang='lat' dir='ltr'><strong>persecutus)</strong></span> <span class='ocrx_word' id='word_1_181' title='bbox 717 2253 832 2319; x_wconf 87' lang='lat' dir='ltr'><strong>sed</strong></span> <span class='ocrx_word' id='word_1_182' title='bbox 875 2254 978 2318; x_wconf 88' lang='lat' dir='ltr'><strong>his</strong></span> <span class='ocrx_word' id='word_1_183' title='bbox 1024 2254 1217 2320; x_wconf 89' lang='lat' dir='ltr'><strong>rebus</strong></span> <span class='ocrx_word' id='word_1_184' title='bbox 1257 2253 1661 2319; x_wconf 83' lang='lat' dir='ltr'><strong>concluditur</strong></span> <span class='ocrx_word' id='word_1_185' title='bbox 1704 2253 1995 2337; x_wconf 86' lang='lat' dir='ltr'><strong>profecto</strong></span> <span class='ocrx_word' id='word_1_186' title='bbox 2042 2257 2110 2318; x_wconf 90' lang='lat' dir='ltr'><strong>et</strong></span> <span class='ocrx_word' id='word_1_187' title='bbox 2152 2255 2283 2319; x_wconf 79' lang='lat' dir='ltr'><strong>vir-</strong></span> 
     </span>
     <span class='ocr_line' id='line_1_25' title="bbox 263 2341 2285 2427; baseline 0 -21"><span class='ocrx_word' id='word_1_188' title='bbox 263 2344 439 2406; x_wconf 88' lang='lat' dir='ltr'><strong>tutes</strong></span> <span class='ocrx_word' id='word_1_189' title='bbox 488 2363 712 2407; x_wconf 87' lang='lat' dir='ltr'><strong>omnes</strong></span> <span class='ocrx_word' id='word_1_190' title='bbox 761 2345 827 2406; x_wconf 89' lang='lat' dir='ltr'><strong>et</strong></span> <span class='ocrx_word' id='word_1_191' title='bbox 869 2341 1218 2407; x_wconf 89' lang='lat' dir='ltr'><strong>honestum</strong></span> <span class='ocrx_word' id='word_1_192' title='bbox 1262 2342 1451 2427; x_wconf 89' lang='lat' dir='ltr'><strong>illud,</strong></span> <span class='ocrx_word' id='word_1_193' title='bbox 1498 2342 1668 2427; x_wconf 87' lang='lat' dir='ltr'><strong>quod</strong></span> <span class='ocrx_word' id='word_1_194' title='bbox 1714 2363 1792 2405; x_wconf 86' lang='lat' dir='ltr'><strong>ex</strong></span> <span class='ocrx_word' id='word_1_195' title='bbox 1834 2341 1919 2407; x_wconf 90' lang='lat' dir='ltr'><strong>iis</strong></span> <span class='ocrx_word' id='word_1_196' title='bbox 1966 2342 2173 2407; x_wconf 86' lang='lat' dir='ltr'><strong>oritur</strong></span> <span class='ocrx_word' id='word_1_197' title='bbox 2218 2346 2285 2407; x_wconf 91' lang='lat' dir='ltr'><strong>et</strong></span> 
     </span>
    </p>

    <p class='ocr_par' dir='ltr' id='par_1_4' title="bbox 178 2428 2387 2866">
     <span class='ocr_line' id='line_1_26' title="bbox 178 2428 2387 2514; baseline -0 -19"><span class='ocrx_word' id='word_1_198' title='bbox 178 2454 235 2497; x_wconf 79' lang='lat'><strong>25</strong></span> <span class='ocrx_word' id='word_1_199' title='bbox 262 2430 333 2494; x_wconf 82' lang='lat' dir='ltr'><strong>in</strong></span> <span class='ocrx_word' id='word_1_200' title='bbox 393 2429 525 2495; x_wconf 89' lang='lat' dir='ltr'><strong>illis</strong></span> <span class='ocrx_word' id='word_1_201' title='bbox 588 2428 846 2514; x_wconf 82' lang='lat' dir='ltr'><strong>haeret,</strong></span> <span class='ocrx_word' id='word_1_202' title='bbox 901 2451 1018 2513; x_wconf 87' lang='lat' dir='ltr'><strong>per</strong></span> <span class='ocrx_word' id='word_1_203' title='bbox 1079 2452 1148 2494; x_wconf 89' lang='lat' dir='ltr'><strong>se</strong></span> <span class='ocrx_word' id='word_1_204' title='bbox 1212 2452 1352 2495; x_wconf 88' lang='lat' dir='ltr'><strong>esse</strong></span> <span class='ocrx_word' id='word_1_205' title='bbox 1416 2430 1856 2513; x_wconf 88' lang='lat' dir='ltr'><strong>expetendum.</strong></span> <span class='ocrx_word' id='word_1_206' title='bbox 1962 2428 2042 2493; x_wconf 91' lang='lat' dir='ltr'><strong>In</strong></span> <span class='ocrx_word' id='word_1_207' title='bbox 2102 2430 2281 2494; x_wconf 89' lang='lat' dir='ltr'><strong>omni</strong></span> <span class='ocrx_word' id='word_1_208' title='bbox 2318 2451 2387 2500; x_wconf 76' lang='lat'><strong>65</strong></span> 
     </span>
     <span class='ocr_line' id='line_1_27' title="bbox 262 2517 2282 2602; baseline -0.001 -19"><span class='ocrx_word' id='word_1_209' title='bbox 262 2520 481 2583; x_wconf 86' lang='lat' dir='ltr'><strong>autem</strong></span> <span class='ocrx_word' id='word_1_210' title='bbox 516 2517 822 2602; x_wconf 87' lang='lat' dir='ltr'><strong>honesto,</strong></span> <span class='ocrx_word' id='word_1_211' title='bbox 859 2517 936 2582; x_wconf 90' lang='lat' dir='ltr'><strong>de</strong></span> <span class='ocrx_word' id='word_1_212' title='bbox 973 2540 1102 2602; x_wconf 91' lang='lat' dir='ltr'><strong>quo</strong></span> <span class='ocrx_word' id='word_1_213' title='bbox 1136 2518 1478 2602; x_wconf 88' lang='lat' dir='ltr'><strong>loquimur,</strong></span> <span class='ocrx_word' id='word_1_214' title='bbox 1517 2517 1681 2581; x_wconf 87' lang='lat' dir='ltr'><strong>nihil</strong></span> <span class='ocrx_word' id='word_1_215' title='bbox 1719 2520 1821 2583; x_wconf 89' lang='lat' dir='ltr'><strong>est</strong></span> <span class='ocrx_word' id='word_1_216' title='bbox 1854 2520 1993 2581; x_wconf 90' lang='lat' dir='ltr'><strong>tam</strong></span> <span class='ocrx_word' id='word_1_217' title='bbox 2029 2517 2282 2581; x_wconf 87' lang='lat' dir='ltr'><strong>illustre</strong></span> 
     </span>
     <span class='ocr_line' id='line_1_28' title="bbox 259 2603 2281 2691; baseline -0.001 -19"><span class='ocrx_word' id='word_1_218' title='bbox 259 2628 382 2673; x_wconf 90' lang='grc'><strong>1166</strong></span> <span class='ocrx_word' id='word_1_219' title='bbox 445 2606 618 2690; x_wconf 88' lang='lat' dir='ltr'><strong>quod</strong></span> <span class='ocrx_word' id='word_1_220' title='bbox 678 2606 877 2671; x_wconf 78' lang='lat' dir='ltr'><strong>latius</strong></span> <span class='ocrx_word' id='word_1_221' title='bbox 941 2610 1168 2691; x_wconf 87' lang='lat' dir='ltr'><strong>pateat</strong></span> <span class='ocrx_word' id='word_1_222' title='bbox 1229 2628 1423 2690; x_wconf 88' lang='lat' dir='ltr'><strong>quam</strong></span> <span class='ocrx_word' id='word_1_223' title='bbox 1496 2605 1867 2670; x_wconf 90' lang='lat' dir='ltr'><strong>coniunctio</strong></span> <span class='ocrx_word' id='word_1_224' title='bbox 1933 2605 2103 2669; x_wconf 86' lang='lat' dir='ltr'><strong>inter</strong></span> <span class='ocrx_word' id='word_1_225' title='bbox 2165 2603 2281 2670; x_wconf 91' lang='lat' dir='ltr'><strong>ho-</strong></span> 
     </span>
     <span class='ocr_line' id='line_1_29' title="bbox 259 2692 2281 2778; baseline -0.002 -18"><span class='ocrx_word' id='word_1_226' title='bbox 259 2694 467 2762; x_wconf 87' lang='lat' dir='ltr'><strong>mines</strong></span> <span class='ocrx_word' id='word_1_227' title='bbox 523 2692 860 2759; x_wconf 90' lang='lat' dir='ltr'><strong>hominum</strong></span> <span class='ocrx_word' id='word_1_228' title='bbox 917 2697 983 2759; x_wconf 91' lang='lat' dir='ltr'><strong>et</strong></span> <span class='ocrx_word' id='word_1_229' title='bbox 1035 2694 1223 2778; x_wconf 90' lang='lat' dir='ltr'><strong>quasi</strong></span> <span class='ocrx_word' id='word_1_230' title='bbox 1275 2694 1592 2778; x_wconf 88' lang='lat' dir='ltr'><strong>quaedam</strong></span> <span class='ocrx_word' id='word_1_231' title='bbox 1648 2693 1925 2758; x_wconf 89' lang='lat' dir='ltr'><strong>societas</strong></span> <span class='ocrx_word' id='word_1_232' title='bbox 1987 2697 2053 2757; x_wconf 90' lang='lat' dir='ltr'><strong>et</strong></span> <span class='ocrx_word' id='word_1_233' title='bbox 2111 2714 2281 2757; x_wconf 88' lang='lat' dir='ltr'><strong>com-</strong></span> 
     </span>
     <span class='ocr_line' id='line_1_30' title="bbox 259 2781 2281 2866; baseline -0.001 -19"><span class='ocrx_word' id='word_1_234' title='bbox 259 2782 612 2847; x_wconf 87' lang='lat' dir='ltr'><strong>municatio</strong></span> <span class='ocrx_word' id='word_1_235' title='bbox 667 2782 1029 2847; x_wconf 86' lang='lat' dir='ltr'><strong>utilitatum</strong></span> <span class='ocrx_word' id='word_1_236' title='bbox 1083 2785 1150 2847; x_wconf 93' lang='lat' dir='ltr'><strong>et</strong></span> <span class='ocrx_word' id='word_1_237' title='bbox 1201 2783 1349 2865; x_wconf 91' lang='lat' dir='ltr'><strong>ipsa</strong></span> <span class='ocrx_word' id='word_1_238' title='bbox 1401 2782 1636 2846; x_wconf 88' lang='lat' dir='ltr'><strong>caritas</strong></span> <span class='ocrx_word' id='word_1_239' title='bbox 1697 2781 1953 2866; x_wconf 86' lang='lat' dir='ltr'><strong>generis</strong></span> <span class='ocrx_word' id='word_1_240' title='bbox 1998 2781 2281 2865; x_wconf 89' lang='lat' dir='ltr'><strong>humani,</strong></span> 
     </span>
    </p>

    <p class='ocr_par' dir='ltr' id='par_1_5' title="bbox 175 2869 2283 3306">
     <span class='ocr_line' id='line_1_31' title="bbox 175 2869 2283 2971; baseline 0 -37"><span class='ocrx_word' id='word_1_241' title='bbox 175 2895 232 2935; x_wconf 70' lang='lat' dir='ltr'><strong>so</strong></span> <span class='ocrx_word' id='word_1_242' title='bbox 260 2891 424 2954; x_wconf 84' lang='lat' dir='ltr'><strong>quae</strong></span> <span class='ocrx_word' id='word_1_243' title='bbox 469 2873 628 2936; x_wconf 87' lang='lat' dir='ltr'><strong>nata</strong></span> <span class='ocrx_word' id='word_1_244' title='bbox 683 2892 724 2935; x_wconf 84' lang='lat' dir='ltr'><strong>a</strong></span> <span class='ocrx_word' id='word_1_245' title='bbox 776 2870 986 2954; x_wconf 88' lang='lat' dir='ltr'><strong>primo</strong></span> <span class='ocrx_word' id='word_1_246' title='bbox 1035 2873 1208 2953; x_wconf 87' lang='lat' dir='ltr'><strong>satu,</strong></span> <span class='ocrx_word' id='word_1_247' title='bbox 1267 2870 1439 2971; x_wconf 82' lang='lat' dir='ltr'><strong>quod</strong></span> <span class='ocrx_word' id='word_1_248' title='bbox 1486 2892 1525 2934; x_wconf 89' lang='lat' dir='ltr'><strong>a</strong></span> <span class='ocrx_word' id='word_1_249' title='bbox 1572 2869 2094 2953; x_wconf 83' lang='lat' dir='ltr'><strong>procreatoribus</strong></span> <span class='ocrx_word' id='word_1_250' title='bbox 2139 2870 2283 2934; x_wconf 87' lang='lat' dir='ltr'><strong>nati</strong></span> 
     </span>
     <span class='ocr_line' id='line_1_32' title="bbox 261 2957 2279 3043; baseline -0.001 -20"><span class='ocrx_word' id='word_1_251' title='bbox 261 2958 618 3043; x_wconf 81' lang='lat' dir='ltr'><strong>diliguntur</strong></span> <span class='ocrx_word' id='word_1_252' title='bbox 663 2961 732 3023; x_wconf 90' lang='lat' dir='ltr'><strong>et</strong></span> <span class='ocrx_word' id='word_1_253' title='bbox 773 2962 916 3023; x_wconf 84' lang='lat' dir='ltr'><strong>tota</strong></span> <span class='ocrx_word' id='word_1_254' title='bbox 962 2958 1191 3023; x_wconf 87' lang='lat' dir='ltr'><strong>domus</strong></span> <span class='ocrx_word' id='word_1_255' title='bbox 1233 2958 1537 3043; x_wconf 86' lang='lat' dir='ltr'><strong>coniugio</strong></span> <span class='ocrx_word' id='word_1_256' title='bbox 1585 2962 1651 3021; x_wconf 88' lang='lat' dir='ltr'><strong>et</strong></span> <span class='ocrx_word' id='word_1_257' title='bbox 1696 2957 1899 3041; x_wconf 88' lang='lat' dir='ltr'><strong>stirpe</strong></span> <span class='ocrx_word' id='word_1_258' title='bbox 1946 2958 2279 3043; x_wconf 87' lang='lat' dir='ltr'><strong>coniungi-</strong></span> 
     </span>
     <span class='ocr_line' id='line_1_33' title="bbox 257 3045 2279 3131; baseline -0.001 -19"><span class='ocrx_word' id='word_1_259' title='bbox 257 3050 390 3123; x_wconf 88' lang='lat' dir='ltr'><strong>tur,</strong></span> <span class='ocrx_word' id='word_1_260' title='bbox 437 3046 642 3129; x_wconf 80' lang='lat' dir='ltr'><strong>serpit</strong></span> <span class='ocrx_word' id='word_1_261' title='bbox 688 3047 926 3111; x_wconf 89' lang='lat' dir='ltr'><strong>sensim</strong></span> <span class='ocrx_word' id='word_1_262' title='bbox 971 3046 1176 3123; x_wconf 87' lang='lat' dir='ltr'><strong>foras,</strong></span> <span class='ocrx_word' id='word_1_263' title='bbox 1233 3045 1729 3131; x_wconf 83' lang='lat' dir='ltr'><strong>cognationibus</strong></span> <span class='ocrx_word' id='word_1_264' title='bbox 1773 3045 2083 3129; x_wconf 90' lang='lat' dir='ltr'><strong>primum,</strong></span> <span class='ocrx_word' id='word_1_265' title='bbox 2137 3050 2279 3110; x_wconf 90' lang='lat' dir='ltr'><strong>tum</strong></span> 
     </span>
     <span class='ocr_line' id='line_1_34' title="bbox 260 3094 2279 3217; baseline -0 -19"><span class='ocrx_word' id='word_1_266' title='bbox 260 3095 714 3214; x_wconf 72' lang='lat' dir='ltr'><strong>affihitatibus,</strong></span> <span class='ocrx_word' id='word_1_267' title='bbox 761 3132 990 3199; x_wconf 88' lang='lat' dir='ltr'><strong>deinde</strong></span> <span class='ocrx_word' id='word_1_268' title='bbox 1037 3094 1375 3217; x_wconf 87' lang='lat' dir='ltr'><strong>amicitiis,</strong></span> <span class='ocrx_word' id='word_1_269' title='bbox 1417 3137 1571 3217; x_wconf 91' lang='lat' dir='ltr'><strong>post</strong></span> <span class='ocrx_word' id='word_1_270' title='bbox 1612 3134 2085 3217; x_wconf 81' lang='lat' dir='ltr'><strong>vicinitatibuS,</strong></span> <span class='ocrx_word' id='word_1_271' title='bbox 2137 3136 2279 3198; x_wconf 91' lang='lat' dir='ltr'><strong>tum</strong></span> 
     </span>
     <span class='ocr_line' id='line_1_35' title="bbox 259 3220 2280 3306; baseline -0 -21"><span class='ocrx_word' id='word_1_272' title='bbox 259 3221 508 3286; x_wconf 86' lang='lat' dir='ltr'><strong>civibus</strong></span> <span class='ocrx_word' id='word_1_273' title='bbox 575 3224 642 3286; x_wconf 89' lang='lat' dir='ltr'><strong>et</strong></span> <span class='ocrx_word' id='word_1_274' title='bbox 701 3221 812 3306; x_wconf 88' lang='grc'><strong>118,</strong></span> <span class='ocrx_word' id='word_1_275' title='bbox 879 3220 993 3305; x_wconf 88' lang='grc'><strong>(1111</strong></span> <span class='ocrx_word' id='word_1_276' title='bbox 1054 3221 1311 3305; x_wconf 88' lang='lat' dir='ltr'><strong>publice</strong></span> <span class='ocrx_word' id='word_1_277' title='bbox 1380 3222 1542 3287; x_wconf 90' lang='lat' dir='ltr'><strong>socii</strong></span> <span class='ocrx_word' id='word_1_278' title='bbox 1606 3224 1798 3306; x_wconf 87' lang='lat' dir='ltr'><strong>atque</strong></span> <span class='ocrx_word' id='word_1_279' title='bbox 1856 3222 2049 3286; x_wconf 90' lang='lat' dir='ltr'><strong>amici</strong></span> <span class='ocrx_word' id='word_1_280' title='bbox 2112 3225 2280 3303; x_wconf 87' lang='lat' dir='ltr'><strong>sunt,</strong></span> 
     </span>
    </p>

    <p class='ocr_par' dir='ltr' id='par_1_6' title="bbox 177 3305 2279 3569">
     <span class='ocr_line' id='line_1_36' title="bbox 177 3305 2279 3410; baseline -0.001 -34"><span class='ocrx_word' id='word_1_281' title='bbox 177 3334 230 3376; x_wconf 75' lang='lat'><strong>85</strong></span> <span class='ocrx_word' id='word_1_282' title='bbox 260 3305 488 3374; x_wconf 85' lang='lat' dir='ltr'><strong>deinde</strong></span> <span class='ocrx_word' id='word_1_283' title='bbox 541 3309 748 3376; x_wconf 90' lang='lat' dir='ltr'><strong>totius</strong></span> <span class='ocrx_word' id='word_1_284' title='bbox 804 3309 1142 3410; x_wconf 76' lang='lat' dir='ltr'><strong>complexu</strong></span> <span class='ocrx_word' id='word_1_285' title='bbox 1196 3309 1411 3396; x_wconf 82' lang='lat' dir='ltr'><strong>gentis</strong></span> <span class='ocrx_word' id='word_1_286' title='bbox 1460 3309 1810 3393; x_wconf 81' lang='lat' dir='ltr'><strong>humanae3</strong></span> <span class='ocrx_word' id='word_1_287' title='bbox 1868 3331 2031 3395; x_wconf 89' lang='lat' dir='ltr'><strong>quae</strong></span> <span class='ocrx_word' id='word_1_288' title='bbox 2078 3310 2279 3373; x_wconf 83' lang='lat' dir='ltr'><strong>animi</strong></span> 
     </span>
     <span class='ocr_line' id='line_1_37' title="bbox 259 3396 2279 3481; baseline -0.001 -20"><span class='ocrx_word' id='word_1_289' title='bbox 259 3397 515 3463; x_wconf 85' lang='lat' dir='ltr'><strong>affectio</strong></span> <span class='ocrx_word' id='word_1_290' title='bbox 562 3419 749 3462; x_wconf 91' lang='lat' dir='ltr'><strong>suum</strong></span> <span class='ocrx_word' id='word_1_291' title='bbox 787 3397 1014 3481; x_wconf 90' lang='lat' dir='ltr'><strong>cuique</strong></span> <span class='ocrx_word' id='word_1_292' title='bbox 1058 3397 1357 3463; x_wconf 85' lang='lat' dir='ltr'><strong>tribuens</strong></span> <span class='ocrx_word' id='word_1_293' title='bbox 1402 3399 1594 3481; x_wconf 84' lang='lat' dir='ltr'><strong>atque</strong></span> <span class='ocrx_word' id='word_1_294' title='bbox 1638 3397 1834 3479; x_wconf 82' lang='lat' dir='ltr'><strong>h&#39;anc,</strong></span> <span class='ocrx_word' id='word_1_295' title='bbox 1880 3418 2073 3481; x_wconf 89' lang='lat' dir='ltr'><strong>quam</strong></span> <span class='ocrx_word' id='word_1_296' title='bbox 2118 3396 2279 3475; x_wconf 78' lang='lat' dir='ltr'><strong>dico,</strong></span> 
     </span>
     <span class='ocr_line' id='line_1_38' title="bbox 257 3446 2279 3569; baseline -0.001 -20"><span class='ocrx_word' id='word_1_297' title='bbox 257 3485 640 3552; x_wconf 86' lang='lat' dir='ltr'><strong>societatem</strong></span> <span class='ocrx_word' id='word_1_298' title='bbox 691 3485 1161 3551; x_wconf 89' lang='lat' dir='ltr'><strong>coniunctionis</strong></span> <span class='ocrx_word' id='word_1_299' title='bbox 1227 3484 1546 3549; x_wconf 84' lang='lat' dir='ltr'><strong>humanae</strong></span> <span class='ocrx_word' id='word_1_300' title='bbox 1602 3446 1903 3549; x_wconf 89' lang='lat' dir='ltr'><strong>munifice</strong></span> <span class='ocrx_word' id='word_1_301' title='bbox 1957 3487 2024 3549; x_wconf 88' lang='lat' dir='ltr'><strong>et</strong></span> <span class='ocrx_word' id='word_1_302' title='bbox 2078 3504 2279 3569; x_wconf 88' lang='lat' dir='ltr'><strong>aeque</strong></span> 
     </span>
    </p>
   </div>
  </div>
 </body>
</html>
