2609 3884
407 116 536 179 132
733 116 828 169 DE
865 115 1155 171 FINIBUS
1191 114 1552 169 BONORUM
1586 114 1682 169 ET
1717 114 2084 169 MALORUM
2572 98 2574 105 '

404 279 665 343 bonum.
752 275 890 341 Nec
935 277 1072 361 ille,
1127 277 1236 361 qui
1279 275 1641 360 Diogenem
1692 273 1979 340 Stoicum
2026 275 2428 359 adulescenS,
2574 205 2576 285 A

404 369 558 450 post
620 369 836 430 autem
895 365 1279 431 Panaetium
1343 364 1661 447 audierat,
1724 364 2011 447 LaeliuS,
2075 385 2155 429 eo
2216 364 2429 430 dictus

407 458 509 518 est
553 454 812 538 sapiens
823 503 841 537 ,
901 453 1071 537 quod
1114 475 1248 517 non
1289 452 1723 537 intellegeret,
1768 451 1920 536 quid
1966 452 2431 517 suavissimum

406 547 579 607 esset
633 540 779 629 (nec
833 543 1004 606 enim
1059 541 1370 625 sequitur,
1423 544 1523 624 ut,
1577 541 1679 605 cui
1732 561 1841 604 cor
1896 541 2137 625 sapiat,
2184 541 2248 605 ei
2296 562 2431 607 non

407 631 622 714 sapiat
664 627 981 715 palatus),
1028 630 1140 694 sed
1183 629 1338 713 quia
1380 630 1567 712 parvi
1609 628 1677 693 id
1720 628 1997 693 duceret.
2479 654 2509 695 5
2576 637 2578 683 l

494 752 550 818 O
592 752 937 837 lapatho,
990 755 1076 817 ut
1117 752 1443 837 iactare,
1494 772 1632 817 nec
1690 773 1766 815 es
1798 751 2011 854 ‘satis
2056 752 2433 837 cognitus

494 929 582 993 In
629 950 773 1013 quo
817 928 1128 993 Laelius
1176 928 1553 994 clamores
1599 861 1816 1011 6οὲἓέ
1852 842 1997 991 1811186ι
2034 927 2357 993 solebat

495 1016 740 1080 Edere
787 1016 1264 1101 compellans
1310 1016 1605 1101 gumias
1654 1037 1739 1079 ex
1784 1014 2051 1080 ordine
2089 1020 2431 1082 nostros·

405 1156 741 1222 Praeclare
785 1156 1042 1221 Laelius
1053 1207 1071 1241 ,
1116 1160 1183 1221 et
1225 1150 1397 1222 recte
1442 1151 1677 1239 σοφός,
1722 1155 2006 1240 illudque
2050 1177 2235 1221 vere:
2454 1183 2511 1223 ιο

541 1276 596 1345 Ο
640 1278 897 1364 Publi,
944 1302 982 1346 o
1030 1299 1343 1365 gurges,
1389 1276 1725 1345 Galloni!
1770 1300 1849 1344 es
1894 1279 2116 1345 homo
2164 1280 2433 1365 miser,

1828 1366 2105 1451 inquit.

542 1453 857 1521 Cenasti
902 1456 985 1519 in
1029 1456 1195 1521 vita
1238 1477 1642 1540 numquam
1686 1455 1901 1539 bene,
1960 1477 2120 1519 cum
2171 1456 2435 1521 omnia

1826 1544 1908 1607 in
1950 1543 2105 1607 ista
2581 1586 2582 1589 =

543 1629 947 1698 Consumis
1035 1631 1331 1717 squilla
1410 1635 1638 1715 atque
1720 1652 2183 1714 acupensere
2266 1654 2433 1697 cum
2459 1658 2509 1697 15
2580 1712 2582 1715 Α

1693 1718 2105 1784 decimano

407 1860 472 1926 Is
518 1861 681 1925 haec
721 1861 1038 1945 loquitur,
1084 1860 1195 1946 qui
1240 1861 1312 1924 in
1356 1860 1683 1943 voluptate
1727 1859 1896 1923 nihil
1936 1880 2184 1944 ponens
2231 1864 2436 1945 negat

411 1971 556 2013 eum
609 1949 773 2014 bene
829 1970 1084 2033 cenare,
1138 1949 1248 2032 qui
1303 1948 1521 2012 omnia
1572 1951 1776 2032 ponat
1829 1948 1897 2011 in
1948 1947 2318 2031 voluptate,
2370 1951 2435 2012 et
2582 1930 2585 1999 l

407 2041 628 2100 tamen
671 2058 796 2101 non
838 2040 1040 2120 negat
1092 2037 1370 2101 libenter
1405 2057 1710 2120 umquam
1755 2056 2014 2099 cenasse
2052 2034 2432 2101 Gallonium

411 2122 825 2211 (mentiretur
870 2121 1100 2208 enim),
1155 2124 1269 2189 sed
1324 2125 1502 2188 bene.
1598 2122 1702 2187 Ita
1755 2124 2043 2207 graviter
2092 2127 2160 2187 et
2208 2146 2431 2189 severe
2458 2152 2507 2191 20

413 2211 810 2295 voluptatem
864 2214 1139 2277 secernit
1194 2235 1234 2277 a
1285 2212 1476 2277 bono.
1573 2211 1676 2275 Ex
1730 2233 1854 2295 quo
1908 2211 2067 2276 illud
2130 2212 2433 2297 efficitur,

409 2300 520 2383 qui
571 2300 733 2365 bene
779 2304 1036 2384 cenent,
1083 2300 1292 2365 omnis
1340 2301 1617 2365 libenter
1661 2320 1915 2382 cenare,
1971 2299 2078 2383 qui
2125 2300 2430 2383 libenter,

303 2408 371 2458 25
406 2410 539 2453 non
575 2390 877 2454 continuo
914 2389 1094 2453 bene.
1167 2386 1435 2474 Semper
1468 2387 1722 2453 Laelius
1758 2387 1940 2453 bene.
2009 2386 2183 2463 Quid
2222 2390 2431 2455 bene?

407 2475 599 2541 Dicet
642 2476 927 2542 Lucilius
947 2503 965 2540 .-

1536 2601 1785 2683 cocto,
2456 2628 2507 2667 25

584 2703 945 2790 condito,

407 2809 524 2874 sed
569 2811 723 2876 cedo
771 2814 966 2895 caput
1010 2833 1232 2876 cenae:

783 2968 790 2973 .
917 2938 1265 2981 sermone
1318 2916 1541 3001 bon0,

407 3020 562 3105 quid
607 3042 684 3085 ex
728 3021 854 3087 eo?

1568 3128 1634 3191 si
1675 3126 2012 3211 quaeris,
2057 3125 2501 3213 libenter33o

405 3268 709 3333 veniebat
772 3267 942 3331 enim
1007 3266 1088 3331 ad
1151 3288 1405 3352 cenam,
1467 3271 1544 3332 ut
1607 3268 1820 3333 animo
1875 3266 2091 3352 quieto
2156 3269 2432 3333 satiaret

408 3354 724 3419 desideria
766 3359 1053 3420 naturae.
1124 3354 1325 3419 Recte
1364 3377 1515 3441 ergo
1561 3357 1618 3420 is
1665 3358 1862 3439 negat
1905 3378 2215 3440 umquam
2262 3356 2429 3421 bene

407 3463 670 3507 cenasse
734 3441 1131 3527 Gallonium,
1193 3446 1367 3507 recte
1431 3444 1761 3527 miserum,
1823 3465 1968 3508 cum
2038 3446 2429 3527 praesertim
