2609 3884
419 164 508 229 64
929 162 1515 218 ACADEMICORUM
1548 162 1883 218 PRIORUM
2546 111 2549 267 Ι

305 370 310 373 -
410 326 692 390 minam
718 323 1109 409 Diogenes
1155 324 1346 388 mihi
1388 322 1707 389 reddet.'
1767 324 1871 389 Ab
1903 346 1977 389 eo
2009 325 2183 390 enim
2212 322 2427 389 Stoico

413 414 816 478 dialecticam
863 413 1198 495 didicerat3
1271 413 1434 476 haec
1481 416 1697 477 autem
1752 434 1999 477 merces
2046 417 2190 477 erat
2244 414 2431 477 diale-

410 501 743 566 cticorum.
816 499 1063 585 Sequor
1106 500 1310 586 igitur
1356 522 1463 565 eas
1508 501 1669 584 17188,
1715 522 1876 585 quas
1924 500 2123 564 didici
2168 501 2254 565 ab
2302 502 2429 564 An-

411 590 658 671 tioch0,
722 610 843 654 nec
905 590 1183 672 reperiO,
1248 609 1373 672 quo
1420 588 1613 652 modo
1676 589 1955 652 iudicem
2018 586 2133 652 ‘Si
2196 588 2428 665 lucet,

327 684 332 689 ’
409 675 647 742 lucet'
692 699 916 742 verum
964 699 1130 754 esse,
1177 677 1260 741 ob
1310 698 1453 740 eam
1506 697 1789 755 causam,
1837 676 2008 760 quod
2063 676 2163 739 ita
2222 676 2473 759 didici,5

412 786 622 849 omne,
670 765 842 849 quod
886 766 1102 848 ipsum
1131 786 1209 829 ex
1245 786 1314 829 se
1342 785 1653 828 conexum
1700 764 1804 847 sit,
1840 785 2065 827 verum
2104 785 2266 848 esse,
2300 785 2427 828 non
2550 842 2552 851 Ι

411 854 691 917 111(1166111
739 849 850 917 ‘Si
892 852 1279 930 mentiris,
1326 850 1716 915 mentiris'
1764 850 1990 915 eodem
2018 851 2212 915 modo
2252 874 2333 916 ex
2366 874 2429 915 se
2550 858 2552 861 ⁴

414 961 741 1005 conexum.
832 941 968 1004 Aut
1019 941 1220 1025 igitur
1263 939 1389 1004 hoc
1434 944 1501 1003 et
1544 939 1708 1003 illud
1755 945 1894 1023 aut,
1951 939 2081 1002 nisi
2138 939 2293 1023 hoc,
2352 960 2430 1003 116

411 1029 576 1093 illud
623 1028 878 1114 quidem
922 1028 1240 1114 iudicabo.
2552 1027 2554 1105 1

307 1127 391 1191 31
537 1116 672 1181 Sed
737 1120 809 1180 ut
863 1138 1082 1181 omnes
1142 1117 1309 1180 istos
1364 1115 1619 1180 aculeos
1667 1118 1735 1179 et
1790 1117 2003 1179 totum
2064 1118 2429 1180 tortuosum
2453 1145 2495 1183 ιο

414 1226 616 1291 genus
699 1204 1070 1305 disputandi
1149 1204 1588 1287 relinquamus
1670 1202 2244 1288 ostendamusque,
2328 1205 2432 1287 qui

303 1368 307 1373 ·
415 1293 640 1376 simus,
712 1292 844 1356 iam
908 1292 1231 1376 explicata
1291 1295 1437 1355 tota
1495 1289 1843 1355 Carneadis
1910 1291 2237 1355 sententia
2302 1292 2431 1355 An·
2555 1374 2556 1379 ἵ

363 1416 368 1422 ·
411 1380 668 1445 tiochea
731 1381 860 1444 ista
905 1383 1217 1445 conruent
1279 1379 1596 1444 universa.
1684 1378 1747 1442 N
1751 1400 1822 1444 ec
1875 1400 2027 1443 vero
2088 1380 2430 1465 quicquam
2554 1380 2556 1411 ²

412 1470 510 1532 ita
554 1469 790 1552 dicam,
853 1472 928 1532 ut
974 1468 1316 1553 quisquam
1370 1466 1438 1532 id
1489 1467 1652 1551 fingi
1698 1466 2084 1550 suspicetur3
2148 1489 2191 1531 a
2236 1460 2430 1531 Clito-

413 1556 643 1621 macho
675 1579 944 1639 sumam,
990 1557 1099 1641 qui
1140 1577 1347 1639 usque
1383 1554 1465 1619 ad
1502 1558 1894 1619 senectutem
1924 1576 2071 1619 cum
2098 1551 2428 1619 Carneade
2452 1584 2491 1623 15

411 1645 564 1728 fuit,
625 1644 823 1709 homo
871 1648 936 1707 et
982 1648 1237 1725 acutuS,
1297 1647 1375 1708 ut
1419 1642 1670 1707 Poenus
1680 1692 1699 1726 ,
1758 1646 1824 1706 et
1868 1642 2056 1707 valde
2102 1642 2428 1709 studiosus
2556 1637 2558 1699 ἕ

415 1755 490 1797 ac
536 1695 831 1817 diligens.
898 1731 989 1795 Et
1027 1735 1334 1815 quattuor
1362 1731 1499 1795 eius
1544 1730 1696 1794 libri
1732 1733 1885 1795 sunt
1928 1729 2005 1794 de
2034 1731 2429 1795 sustinendis

415 1821 936 1901 adsensionibus3
965 1819 1126 1884 haec
1145 1822 1383 1903 autem,
1412 1839 1573 1903 quae
1593 1820 1727 1883 iam
1745 1818 1974 1901 dicam,
2002 1822 2155 1882 sunt
2174 1823 2431 1903 sumpta

228 1930 374 2015 „Q
413 1908 494 1972 de
572 1909 800 1991 primo.
908 1907 1053 1973 Duo
1138 1908 1354 1991 placet
1420 1928 1575 1971 esse
1647 1904 1965 1971 Carneadi
2028 1927 2271 1991 genera
2341 1908 2428 1971 vi-

414 2018 659 2078 sorum,
714 1997 786 2060 in
828 2017 960 2060 uno
1005 1995 1175 2059 hanc
1221 1995 1631 2096 divisionem,
1686 1995 1819 2058 alia
1862 1994 2007 2058 visa
2052 2015 2221 2077 esse,
2270 2017 2429 2080 quae
2452 2025 2494 2063 20

409 2046 659 2167 percipi
698 2075 977 2167 possint,
1025 2084 1172 2167 alia,
1218 2104 1383 2167 quae
1427 2084 1675 2167 percipi
1716 2104 1849 2148 non
1892 2082 2177 2165 possint,
2220 2083 2294 2148 in
2342 2084 2431 2148 al-

411 2176 552 2235 tero
601 2175 833 2255 autem,
880 2171 1012 2235 alia
1056 2176 1201 2236 visa
1245 2192 1387 2235 esse
1429 2170 1811 2254 probabilia,
1858 2170 1985 2235 alia
2020 2192 2154 2235 non
2198 2172 2429 2255 proba-

411 2259 590 2323 bilia.
635 2258 883 2343 Itaque,
929 2280 1091 2343 quae
1139 2262 1368 2323 contra
1412 2280 1639 2323 sensus
1686 2261 2033 2343 contraque
2079 2260 2429 2341 perspicui-

411 2351 616 2411 tatem
655 2347 968 2432 dicantur,
1013 2368 1090 2411 ea
1132 2347 1458 2430 pertinere
1486 2347 1567 2411 ad
1596 2346 1991 2430 superiorem
2028 2346 2431 2426 divisionem,

279 2492 288 2501 .
411 2440 639 2501 contra
682 2436 1110 2519 posteriorem
1151 2435 1319 2499 nihil
1364 2435 1493 2499 dici
1538 2438 1861 2519 oportere,
1908 2456 2103 2535 quare
2148 2427 2271 2499 ita
2293 2437 2429 2519 pla·
2454 2464 2497 2507 ἥ

411 2546 579 2589 cere·
644 2525 774 2588 tale
819 2524 1033 2587 visum
1076 2523 1329 2587 nullum
1375 2543 1543 2606 esse,
1587 2526 1662 2586 ut
1704 2522 2035 2609 perceptio
2083 2544 2430 2609 conseque·

410 2616 616 2696 retur,
661 2616 736 2676 ut
782 2615 998 2676 autem
1042 2611 1375 2695 probatio,
1421 2573 1647 2675 multa.
1733 2610 1999 2675 Etenim
2045 2615 2273 2676 contra
2320 2634 2429 2676 na-

321 2770 330 2777 ,
409 2704 625 2769 turam
655 2704 755 2764 est
797 2699 1137 2783 probabile
1172 2698 1342 2763 nihil
1389 2720 1548 2782 esse,
1594 2702 1660 2762 et
1695 2699 1988 2781 sequitur
2016 2700 2228 2764 omnis
2256 2701 2430 2765 vitae

413 2810 506 2871 ea,
553 2810 749 2871 quam
785 2791 877 2870 tu,
923 2787 1210 2870 Luculle,
1255 2786 1824 2871 commemorabaS,
1856 2786 2138 2853 eversio.
2201 2786 2432 2874 Itaque

411 2878 480 2939 et
525 2876 819 2939 sensibus
864 2874 1200 2957 probanda
1235 2875 1447 2939 multa
1484 2877 1651 2956 sunt,
1692 2877 1993 2939 teneatur
2020 2874 2214 2940 modo
2250 2876 2432 2960 illud,
2455 2905 2498 2945 so

410 2983 542 3027 non
615 2963 827 3026 inesse
885 2962 957 3026 in
1017 2962 1098 3024 iis
1164 2964 1507 3046 quicquam
1566 2962 1727 3046 tale,
1790 2963 1980 3048 quale
2041 2983 2174 3027 non
2233 2966 2432 3028 etiam

410 3049 651 3113 falsum
696 3049 859 3113 nihil
919 3050 1000 3114 ab
1048 3070 1125 3114 eo
1185 3049 1486 3114 differens
1534 3072 1671 3114 esse
1727 3052 1956 3133 possit.
2047 3048 2183 3130 Sic,
2250 3052 2431 3136 quid-

404 3137 567 3222 ‘quid
604 3136 910 3201 acciderit
937 3137 1148 3220 specie
1183 3138 1541 3221 probabile,
1589 3138 1646 3202 si
1680 3138 1848 3202 nihil
1879 3160 1947 3203 se
1977 3138 2223 3221 offeret,
2262 3140 2431 3223 quod

412 3227 500 3290 sit
541 3224 995 3309 probabilitati
1039 3226 1138 3289 illi
1184 3226 1599 3309 contrarium,
1644 3229 1865 3291 utetur
1910 3247 1985 3291 eo
2032 3228 2311 3312 sapienS,
2358 3251 2432 3293 ac

412 3314 506 3377 sic
543 3314 753 3377 omnis
790 3313 957 3377 ratio
993 3314 1167 3377 vitae
1215 3314 1696 3396 gubernabitur.
1758 3314 2018 3378 Etenim
2062 3314 2121 3377 is
2160 3314 2429 3399 quoque,
2453 3347 2495 3386 3⁵

413 3400 523 3482 qui
571 3422 610 3463 a
654 3400 841 3465 vobis
892 3400 1149 3483 sapiens
1194 3400 1545 3482 inducitur,
1608 3400 1817 3465 multa
1862 3402 2152 3485 sequitur
2196 3404 2429 3485 proba-

412 3486 576 3549 bilia
618 3504 753 3551 non
798 3486 1264 3571 comprehensa
1308 3507 1513 3570 neque
1557 3491 1860 3571 percepta
1893 3509 2102 3574 neque
2140 3490 2432 3576 adsensa,
