2609 3884
324 149 504 204 XXIV
952 147 1378 202 ADNOTATIO
1418 146 1717 205 CRITlCA.

322 309 442 362 alia
488 308 603 362 nisi
647 307 891 362 humana
934 307 1172 375 fiyura
1217 307 1276 360 et
1323 305 1461 360 Sest.
1504 311 1587 361 60.
1630 312 1731 361 128
1783 308 1941 362 cuius
1977 312 2206 376 propter
2240 325 2363 363 sa·

323 380 522 432 tutem
569 379 682 432 nisi
725 393 920 442 meam,
977 374 1272 430 dissimilia
1317 379 1460 432 sunt.
1509 406 1574 416 —
1621 377 1682 430 P.
1723 383 1844 433 210.
1883 384 1951 432 36
1997 379 2365 446 significant

323 447 468 504 Bait.
505 448 753 515 Kayser-o
800 448 1028 501 auctore
1073 446 1132 498 in
1179 447 1265 500 ed.
1303 445 1437 500 min.
1478 477 1543 486 —
1581 446 1641 500 P.
1674 453 1794 502 213.
1826 453 1853 500 1
1893 448 2087 501 dieunt
2121 447 2244 516 hic,
2286 450 2362 502 ut

323 520 565 573 testatur
591 517 764 586 Bait,
794 517 950 572 codd.
981 516 1198 585 optimi,
1227 517 1290 568 ut
1316 516 1501 592 Madv.
1528 516 1597 569 de
1626 516 1766 582 Eri,
1794 516 1854 571 in
1880 516 2134 586 proximo
2164 533 2361 585 versa,

324 589 536 657 Madv„
583 590 719 642 dicit
761 588 911 657 vulg.
963 589 1022 640 et
1066 586 1210 642 Bait.
1249 616 1318 625 —
1354 586 1415 640 P.
1455 592 1576 640 213.
1618 592 1685 640 29
1738 588 1829 641 ille
1866 603 1971 643 om.
2012 590 2125 656 opt.
2166 588 2357 655 codd„

323 659 500 725 Bait„
536 659 666 714 incl.
704 658 891 715 Madv.
967 655 1048 711 Cf.
1087 656 1160 736 ad
1195 673 1248 725 p.
1288 662 1410 711 341.
1450 662 1481 711 7
1530 657 1588 711 et
1632 674 1686 725 p.
1728 661 1847 711 209.
1878 663 1945 711 25
1981 659 2075 712 ille
2109 659 2226 712 veri
2260 659 2357 712 in-

324 731 631 798 vestiqandi
675 729 921 797 cupidus.
1005 725 1148 780 Bom
1194 726 1383 794 codd.,
1428 726 1465 782 i.
1514 743 1559 783 e.
1610 743 1722 781 non
1768 727 2121 796 interpolati,
2166 727 2357 782 multa

326 800 608 854 omittunt.
646 830 713 839 —
750 799 811 853 P.
841 804 962 852 214.
992 803 1060 851 23
1098 800 1176 850 est
1208 796 1374 850 initio
1412 798 1723 852 sententiae
1769 799 1959 866 posuit
1993 798 2138 854 Bait.
2178 827 2248 840 -
2284 799 2353 852 P.

323 877 445 927 214.
475 876 546 925 34
582 871 721 924 dicis
758 885 867 923 om.
896 867 1019 923 cod.
1054 867 1101 920 B
1141 868 1202 921 et
1233 866 1380 921 Bait.
1452 867 1582 923 Non
1617 868 1921 921 admodum
1956 869 2147 937 placet
2194 869 2357 938 ¹Quid

325 943 468 1024 enirn
503 941 642 996 dieis
678 970 746 1022 -τ
784 955 891 994 esse
925 937 1036 1021 T'?
1067 937 1357 1020 ‘Suspicor
1385 936 1709 1048 Cigeronem
1747 937 2032 1008 scripsisse
2061 938 2251 1022 ‘Qu-ogi
2280 971 2351 1022 7-

324 1012 602 1150 335'2553
639 1013 1034 1149 {mm
1053 1013 1155 1134 ἵε.
1173 1010 1379 1146 m,
1428 1009 1859 1148 aparfzssffis.
2005 1009 2071 1134 {f
2103 1011 2357 1135 32²³ssAE

325 1153 535 1206 absolvi
569 1155 620 1205 et
653 1151 845 1219 perfici
880 1150 1029 1205 debet
1064 1150 1128 1203 in
1164 1165 1250 1216 eo,
1286 1150 1431 1219 quod
1459 1151 1852 1219 perficiendum
1888 1155 1991 1215 est,
2019 1155 2241 1219 praeter
2280 1181 2351 1191 -

326 1223 606 1303 rationem.
671 1220 815 1304 Mira
831 1221 1044 1303 ‘narrat
1070 1220 1317 1290 Madvig.
1356 1222 1420 1274 in
1455 1235 1515 1300 eo
1550 1219 1869 1302 arbitratus·
1889 1219 2091 1302 debere
2130 1236 2249 1274 esse
2286 1223 2355 1276 in

325 1293 665 1430 23&ssch
685 1291 761 1416 {2-
777 1291 929 1416 2222&
953 1308 1019 1416 ΞΖ
1045 1306 1323 1430 {20¹²ssssAE
1327 1306 1450 1424 222?
1462 1291 1851 1416 imi-153¹&
1852 1292 2351 1431 ss⁸3u3¹21dtass¹ffrssiiif

327 1432 414 1486 ed.
446 1432 536 1486 Or.
568 1463 634 1472 -
662 1432 722 1486 P.
745 1437 865 1487 215.
895 1437 962 1486 22
991 1433 1168 1501 ἱρέων
1196 1431 1357 1485 codd.
1387 1430 1432 1483 B
1460 1434 1519 1485 et
1544 1432 1609 1498 E,
1636 1431 1844 1499 Madv„
1872 1447 1996 1501 erqo
2024 1432 2185 1488 codd.
2216 1432 2348 1500 det,

326 1502 470 1559 Bait.
499 1533 566 1542 —
595 1502 656 1558 P.
684 1509 806 1559 216.
836 1508 905 1557 20
937 1504 1228 1570 perduxit
1252 1502 1459 1568 Madv„
1484 1503 1832 1570 perduxerit
1859 1502 2039 1570 codd,
2074 1502 2247 1569 Bait.;
2277 1503 2348 1559 cf.

325 1590 380 1642 p.
411 1579 531 1627 269.
563 1579 646 1628 30.
685 1604 755 1614 -
789 1573 852 1629 Ρ.
880 1579 1002 1628 217.
1033 1580 1064 1627 7
1134 1574 1300 1642 nam]
1338 1574 1523 1626 dicitis
1549 1572 1763 1638 Madv.‚
1800 1575 1913 1628 iam
1949 1575 2139 1628 dicetis
2166 1589 2196 1626 e
2226 1574 2349 1629 cod.

325 1643 514 1698 nescio
575 1660 684 1712 quo
739 1644 1048 1698 Mox-eliano
1152 1643 1249 1697 ait.
1308 1673 1374 1682 —-
1428 1643 1490 1697 P.
1540 1649 1661 1698 217.
1712 1649 1777 1697 12
1825 1645 2045 1698 omnino
2090 1660 2165 1698 ea
2208 1646 2346 1711 περὶ.

327 1713 558 1780 Bremi,
603 1713 748 1769 Bait.
797 1745 865 1755 —
909 1715 989 1769 Ib.
1029 1731 1109 1783 sq.
1155 1715 1296 1768 vitia
1330 1717 1382 1766 et
1416 1718 1645 1780 peccata
1678 1715 1979 1768 incidemus
2016 1713 2177 1769 codd.
2217 1713 2349 1782 det„

326 1784 472 1840 Bait.
526 1785 767 1840 fortasse
813 1786 981 1840 recte.
1021 1816 1089 1825 —
1136 1784 1197 1838 P.
1235 1789 1355 1837 217.
1399 1789 1464 1836 16
1518 1782 1788 1837 aber-imus
1831 1801 1933 1852 pro
1979 1784 2353 1840 aberrabimus

329 1854 547 1924 Cobet,
583 1856 854 1911 Mnem08.
895 1860 1032 1910 1875
1068 1872 1122 1924 p.
1157 1859 1286 1921 101,
1328 1852 1661 1906 ‘admodum
1696 1853 2129 1923 probabiliter',
2166 1853 2351 1922 inquit

327 1925 514 1978 Madv.
553 1926 640 1978 ed.
679 1927 757 1980 III
793 1943 847 1994 p.
875 1925 1080 1992 LXIX,
1121 1924 1283 1977 ‘nam
1312 1940 1345 1977 a
1378 1922 1611 1976 levitate
1650 1923 1911 1978 aberrare
1948 1923 2253 1995 improprie
2290 1927 2350 1979 et

327 1994 631 2048 insolenter
667 1995 914 2048 dicitur’.
995 1993 1308 2049 Insolenter
1353 1992 1466 2045 dici
1510 1994 1569 2045 et
1612 1992 1864 2061 praecise
1902 1996 2276 2050 aberrabimus
2312 2013 2350 2050 a

329 2066 541 2119 levitate
577 2065 804 2117 alterius
847 2080 950 2130 pro
987 2064 1071 2116 ita
1117 2062 1517 2128 aberrabimus,
1561 2067 1625 2116 ut
1667 2078 1781 2118 non
1824 2065 2057 2120 multum
2092 2067 2349 2132 absimus,

327 2150 440 2188 non
474 2148 646 2200 nege,
683 2133 826 2186 falso
866 2132 982 2186 dici
1015 2133 1116 2185 aut
1148 2131 1350 2184 melius
1388 2132 1661 2187 aberimus
1708 2149 1871 2202 nego.
1921 2164 1988 2174 —
2039 2135 2100 2192 P.
2131 2142 2250 2190 217.
2279 2141 2347 2191 26

327 2204 603 2258 institutio
646 2203 880 2256 hominis
923 2201 1069 2255 Bait.
1107 2216 1137 2255 e
1177 2202 1340 2256 codd.
1388 2202 1562 2257 deter.
1602 2233 1671 2244 —
1707 2203 1768 2258 P.
1798 2209 1919 2258 218.
1969 2211 2035 2260 16
2072 2207 2217 2274 quod
2250 2207 2352 2261 vel

329 2273 553 2342 aliquod
587 2273 748 2327 codd.
786 2273 987 2337 deter.‚
1022 2272 1110 2327 vel
1142 2289 1249 2326 om.
1289 2275 1405 2341 opt.
1444 2273 1633 2341 codd.,
1673 2274 1846 2340 Bait,
1883 2275 2016 2328 secl.
2053 2275 2241 2330 Madv.
2280 2306 2346 2318 -

327 2344 388 2399 P.
419 2348 541 2397 218.
570 2348 638 2396 32
676 2358 846 2398 causa
879 2359 978 2397 cur
1016 2343 1229 2397 Zenoni
1263 2357 1378 2396 non
1419 2343 1615 2407 fuisset
1658 2343 1904 2411 praefixa
1942 2359 2106 2397 cruce
2140 2343 2347 2412 Madv„

328 2428 499 2468 causa
553 2429 694 2469 cum
747 2414 881 2469 Zen.
934 2428 1049 2467 non
1099 2413 1296 2480 fuisset
1347 2412 1483 2466 boni
1537 2412 1724 2475 codd..
1782 2427 2005 2467 eausam
2051 2413 2183 2467 Zen.
2235 2429 2348 2468 non

326 2485 498 2550 fuisse
541 2483 831 2554 Madvigio
876 2485 1103 2539 auctore
1150 2482 1320 2550 Bait„
1368 2499 1477 2550 quo
1523 2481 1645 2550 ipse
1690 2481 1788 2535 ille
1840 2481 2163 2552 improbato
2204 2501 2348 2540 nunc

327 2554 617 2624 proponit:
654 2572 773 2610 eam
806 2555 932 2612 dixi
965 2570 1213 2620 causam,
1251 2554 1465 2608 Zenoni
1498 2569 1613 2607 non
1646 2553 1845 2620 fuisse,
1880 2555 2224 2622 quamobrem
2258 2585 2343 2622 -,

328 2627 479 2693 quod
523 2625 618 2681 vix
662 2629 802 2695 puto
847 2641 1182 2695 quemquam
1225 2624 1640 2680 intellecturum
1689 2623 1825 2692 quid
1871 2623 2061 2679 valere
2107 2625 2347 2681 voluerit

327 2697 594 2765 Madvig„
627 2697 734 2750 nisi
761 2697 982 2766 legerit,
1011 2712 1180 2764 quam
1205 2695 1327 2765 ipse
1357 2694 1567 2750 adiecit
1593 2694 2127 2764 interpretationem.
2176 2697 2347 2751 Recte

329 2781 389 2818 se
432 2765 633 2832 habet,
679 2767 832 2833 quod
877 2768 1148 2834 scriptum
1195 2771 1282 2821 est
1329 2765 1385 2819 in
1440 2765 1628 2834 codd,
1686 2766 1797 2820 levi
1847 2766 2050 2822 mendo
2101 2770 2346 2837 excepto.

327 2835 474 2888 Nam
513 2835 684 2888 etiam
718 2851 864 2889 nunc
894 2852 1009 2889 non
1044 2835 1250 2890 rectius
1277 2835 1639 2904 reprehendit
1666 2835 1853 2891 Madv.
1885 2836 2028 2890 haec
2057 2837 2188 2905 du0‚
2223 2855 2347 2907 pro-

327 2921 532 2960 nomen
568 2905 1068 2960 demonstrativum
1096 2921 1160 2959 ea
1188 2906 1454 2972 sequente
1492 2906 1773 2972 particula
1810 2921 1910 2961 cur
1936 2908 1996 2960 et
2030 2908 2347 2976 plusquam·

327 2975 641 3044 perfectum
675 2976 894 3040 fuisset,
930 2990 1098 3043 quam
1134 2973 1270 3029 olim
1306 2975 1625 3030 incredibili
1652 2992 1841 3031 errore
1876 2977 1937 3030 in
1966 2977 2053 3031 ed.
2082 2980 2265 3047 prima
2290 2980 2349 3034 et

329 3046 511 3101 altera
537 3045 836 3099 verborum
865 3045 1119 3099 ordinem
1146 3061 1317 3100 causa
1343 3061 1444 3100 cur
1477 3062 1581 3115 pro
1619 3063 1719 3101 cur
1756 3062 1941 3104 causa.
2000 3047 2345 3117 Quamquam

329 3115 651 3193 suboluisse.
688 3115 739 3168 ei
775 3115 1022 3194 videtur,
1061 3115 1194 3184 quid
1236 3117 1386 3170 esset
1419 3116 1528 3171 hoc
1565 3116 1662 3171 Ea
1696 3118 1846 3183 dixi,
1897 3133 2070 3172 causa
2105 3135 2205 3174 eur
2238 3135 2347 3173 non

325 3186 545 3253 fuissem
600 3202 695 3240 vix
749 3201 895 3240 emm
951 3202 1016 3241 ea
1077 3185 1359 3254 ‘recipere
1424 3203 1491 3240 ex
1552 3187 1834 3241 brevitate
1901 3188 2342 3243 excusationem'

329 3259 546 3324 censet,
605 3257 795 3325 ‘quasi
848 3257 990 3311 haec
1045 3255 1118 3311 sit
1163 3256 1467 3312 sententia:
1524 3273 1589 3312 ea
1632 3258 1784 3321 dixi,
1836 3273 1975 3326 quae
2018 3259 2343 3314 ostendunt&

325 3324 430 3380 Est
465 3326 612 3382 enim
653 3327 804 3398 Quae
830 3328 1010 3384 adhuc
1043 3327 1196 3392 dixi,
1231 3343 1294 3382 ea
1332 3331 1514 3391 erant,
1551 3342 1618 3380 ex
1653 3327 1852 3395 quibus
1888 3334 2197 3396 appareret,
2233 3345 2347 3385 eur

327 3413 497 3452 eausa
532 3414 645 3452 non
678 3398 886 3464 fuisset.
941 3398 994 3452 N
997 3414 1068 3452 on
1097 3397 1365 3452 audacius
1405 3396 1611 3477 dicitpr
1672 3412 1737 3451 ea
1772 3397 1921 3462 dicO,
1956 3414 2058 3453 cur
2084 3429 2151 3438 —
2180 3415 2345 3466 quam

325 3466 423 3523 hoc
460 3469 656 3537 affere,
692 3484 791 3524 cwr
827 3471 903 3539 (p.
933 3474 1053 3524 290.
1085 3473 1150 3523 13
1181 3469 1240 3522 et
1267 3469 1469 3536 saep),
1506 3483 1615 3520 mel
1645 3481 1781 3520 vero
1820 3482 1986 3535 quem
2026 3468 2257 3522 offendit
2284 3487 2346 3523 ea
