2609 3884
346 165 478 231 242
669 165 767 220 DE
803 163 1096 220 FINIBUS
1130 162 1495 219 BONORUM
1526 163 1623 219 ΕΤ
1659 162 2026 219 MALORUM

345 329 424 394 de
470 349 723 394 summo
769 328 970 411 bon0,
1026 326 1138 391 sed
1192 328 1355 411 quot
1398 326 1662 393 omnino
1710 348 1851 392 esse
1910 329 2181 411 possent
2226 348 2371 392 sen·

343 418 606 481 tentiae.
694 415 1001 501 Negabat
1043 415 1248 499 igitur
1291 414 1494 478 ullam
1541 435 1683 480 esse
1728 418 1963 499 artem,
2010 436 2175 501 quae
2218 414 2370 498 ipsa

345 528 388 569 a
440 526 510 570 se
562 504 1104 589 proficisceretur3
1158 503 1399 567 etenim
1462 524 1716 587 semper
1776 504 1940 568 illud
2003 507 2187 568 extra
2250 507 2371 587 est,

345 592 519 677 quod
573 595 714 657 arte
769 590 1351 675 comprehenditur.
1449 589 1637 656 Nihil
1691 612 1855 676 opus
1912 594 2013 657 est
2057 591 2369 674 exemplis

343 681 470 747 hoc
504 680 717 745 facere
750 680 1039 766 longius3
1085 682 1188 744 est
1221 678 1395 743 enim
1429 680 1839 763 perspicuum
1872 680 2123 745 nullam
2160 683 2370 743 artem
2395 704 2426 745 s

344 768 558 853 ipsam
618 769 688 833 in
753 789 823 833 se
883 768 1158 851 versari,
1230 767 1344 832 sed
1412 788 1553 832 esse
1616 767 1795 833 aliud
1858 771 2066 833 artem
2137 768 2371 851 ipsam,

347 858 570 939 aliud,
593 856 761 941 quod
805 855 1214 940 propositum
1270 855 1359 920 sit
1403 856 1551 920 arti.
1640 855 1960 933 Quoniam
2006 856 2235 942 igitur,
2294 859 2372 920 ut

325 906 664 1011 ¹medic'fina
743 943 1162 1029 valetudinis,
1241 943 1679 1029 navigationis
1761 945 2148 1029 gubernatio
2162 993 2182 1028 ,
2274 944 2371 1009 sic

344 1033 606 1098 vivendi
652 1054 757 1097 ars
805 1034 904 1097 est
947 1031 1321 1116 prudentia,
1364 1052 1628 1097 necesse
1665 1036 1769 1097 est
1802 1054 1947 1097 eam
1992 1053 2244 1117 quoque
2282 1032 2369 1097 ab

241 1134 309 1183 17
349 1121 569 1206 aliqua
628 1141 699 1185 re
762 1141 902 1186 esse
966 1120 1388 1185 constitutam
1448 1123 1515 1185 et
1574 1120 1956 1205 profectam.
2056 1120 2374 1186 Constitit
2401 1147 2461 1187 ιο

344 1211 564 1274 autem
619 1206 755 1273 fere
816 1208 990 1273 inter
1051 1230 1276 1274 omnes
1347 1208 1441 1292 id,
1501 1209 1571 1272 in
1629 1230 1757 1293 quo
1820 1208 2165 1294 prudentia
2227 1229 2372 1273 ver-

347 1300 599 1363 saretur
655 1300 724 1363 et
774 1296 947 1381 quod
1002 1297 1259 1382 assequi
1312 1256 1533 1381 vellet,
1598 1300 1824 1381 aptum
1882 1300 1951 1361 et
2008 1317 2370 1363 accommo-

344 1385 569 1450 datum
629 1389 903 1451 naturae
963 1407 1104 1451 esse
1161 1388 1457 1469 oportere
1510 1389 1579 1449 et
1626 1386 1789 1470 tale,
1850 1388 1925 1451 ut
1980 1385 2199 1494 ipsum
2249 1406 2373 1493 per

346 1496 414 1538 se
458 1473 772 1539 invitaret
816 1477 883 1538 et
918 1474 1211 1540 alliceret
1245 1473 1609 1557 appetitum
1645 1474 1873 1558 animi,
1919 1494 2137 1559 quem
2150 1468 2371 1558 ὁρμήν

346 1561 578 1627 Graeci
621 1565 878 1629 vocant.
950 1561 1120 1663 Quid
1163 1564 1383 1627 autem
1419 1561 1536 1646 sit,
1580 1562 1751 1646 quod
1794 1562 1893 1627 ita
1934 1551 2197 1627 moveat
2238 1562 2369 1627 ita·
2398 1587 2459 1629 ιε

344 1672 468 1735 que
514 1673 555 1716 a
595 1654 834 1716 natura
883 1650 956 1715 in
1007 1650 1218 1735 primo
1274 1653 1423 1716 ortu
1478 1652 1851 1734 appetatur,
1903 1670 2035 1715 non
2092 1652 2372 1735 constat,

345 1739 548 1825 deque
595 1760 672 1806 eo
717 1742 818 1805 est
860 1738 1033 1803 inter
1075 1737 1529 1822 philosophos,
1576 1758 1721 1803 cum
1764 1759 2088 1804 summum
2122 1739 2372 1803 bonum

345 1827 727 1911 exquiritur,
773 1827 986 1891 omnis
1032 1826 1366 1892 dissensio.
1454 1826 1683 1891 Totius
1741 1826 1913 1891 enim
1966 1827 2369 1911 quaestionis

345 1916 510 2000 eius,
565 1937 729 2000 quae
781 1915 1061 1979 habetur
1113 1913 1192 1979 de
1245 1914 1484 1979 finibus
1540 1916 1860 1980 bonorum
1916 1918 1983 1979 et
2026 1914 2371 1998 malorum,

345 2022 492 2067 cum
548 2002 884 2086 quaeritur
935 2002 1007 2066 in
1058 2001 1190 2086 his,
1244 2002 1399 2086 quid
1446 2002 1534 2067 sit
1578 2006 1964 2087 extremum,
2019 2002 2171 2087 quid
2214 2003 2368 2067 ulti-
2398 2030 2459 2070 ιο

343 2108 548 2173 ιιιιιιιι,
592 2090 741 2155 fons
786 2090 1198 2174 reperiendus
1237 2093 1364 2173 est,
1408 2090 1479 2155 in
1522 2111 1651 2175 quo
1700 2091 1833 2156 sint
1875 2090 2089 2175 prima
2131 2091 2368 2157 invita-

343 2180 567 2243 menta
609 2180 910 2262 naturae3
955 2199 1085 2262 quo
1129 2178 1396 2243 invento
1434 2179 1643 2244 omnis
1681 2179 1764 2244 ab
1805 2200 1881 2245 eo
1923 2178 2109 2263 quasi
2154 2177 2369 2263 capite

344 2265 422 2330 de
471 2287 722 2330 summo
766 2266 940 2331 bono
987 2269 1055 2329 et
1098 2266 1274 2330 malo
1322 2265 1677 2351 disputatio
1726 2266 1997 2332 ducitur.

269 2356 304 2421 '1
475 2353 852 2438 Voluptatis
909 2353 1022 2418 alii
1076 2353 1360 2437 primum
1416 2355 1778 2440 appetitum
1830 2358 2066 2439 putant
2110 2358 2178 2421 et
2234 2355 2367 2441 pri-

341 2464 515 2508 mam
595 2441 1041 2526 depulsionem
1115 2441 1379 2526 doloris3
1458 2443 1851 2509 vacuitatem
1932 2443 2177 2509 doloris
2250 2444 2367 2509 alii
2398 2471 2456 2513 25

345 2533 613 2597 censent
675 2530 960 2614 primum
1015 2530 1287 2596 ascitam
1350 2534 1420 2596 et
1443 2548 1447 2552 ·
1471 2532 1753 2615 primum
1806 2531 2196 2597 declinatum
2256 2531 2367 2597 do-

237 2638 306 2689 18
343 2619 578 2703 lorem3
643 2620 728 2684 ab
790 2618 878 2684 iis
943 2617 1083 2703 alii,
1154 2639 1320 2704 quae
1380 2620 1592 2703 prima
1654 2619 2003 2685 secundum
2062 2623 2368 2685 naturam

341 2708 707 2792 nominant,
761 2707 1288 2791 proficiscuntur,
1342 2707 1414 2772 in
1459 2707 1690 2793 quibus
1735 2711 2081 2773 numerant
2116 2708 2368 2774 incolu-

343 2794 638 2859 mitatem
682 2796 1365 2879 conservationemque
1410 2796 1700 2861 omnium
1745 2797 2057 2880 partium,
2116 2796 2364 2862 valetu-

345 2880 586 2965 dinem,
660 2903 884 2948 sensus
957 2884 1276 2969 integros,
1360 2883 1599 2949 doloris
1682 2884 2107 2969 vacuitatem,
2187 2884 2453 2971 viris,so

342 2969 916 3054 pulchritudinem,
963 2975 1176 3036 cetera
1211 2970 1469 3055 generis
1507 2971 1820 3055 eiusdem,
1866 2994 2139 3057 quorum
2186 2972 2364 3038 simi·

342 3056 432 3119 lia
485 3059 638 3121 sunt
687 3058 900 3141 prima
951 3057 1023 3122 in
1080 3059 1313 3124 animis
1370 3059 1558 3143 quasi
1610 3022 1925 3124 virtut’um
1980 3060 2253 3162 igniculi
2302 3064 2369 3127 et

343 3144 609 3209 semina.
714 3144 818 3211 Ex
878 3144 981 3209 his
1041 3146 1252 3211 tribus
1308 3167 1456 3212 cum
1509 3168 1708 3212 unum
1764 3147 2009 3232 aliquid
2062 3147 2177 3233 sit,
2236 3171 2366 3234 quo

341 3232 623 3315 primum
674 3235 909 3297 natura
961 3237 1298 3298 moveatur
1350 3235 1458 3300 vel
1512 3233 1595 3300 ad
1654 3236 2088 3319 appetendum
2132 3236 2237 3302 vel
2284 3237 2367 3302 ad

342 3319 810 3404 repellendum,
863 3340 984 3385 nec
1037 3321 1378 3405 quicquam
1426 3323 1685 3388 omnino
1730 3325 1989 3407 praeter
2029 3324 2192 3389 haec
2234 3326 2367 3390 tria
2390 3350 2446 3393 οε

340 3406 553 3490 possit
597 3428 768 3487 esse,
811 3428 1074 3473 necesse
1119 3413 1222 3473 est
1266 3410 1527 3475 omnino
1579 3410 1868 3476 officium
1912 3415 2027 3477 aut
2069 3411 2366 3496 fugiendi

341 3498 457 3560 aut
520 3495 827 3581 sequendi
891 3495 972 3559 ad
1027 3516 1250 3561 eorum
1304 3497 1551 3583 aliquid
1601 3498 1859 3585 referri,
1912 3503 1990 3565 ut
2039 3499 2157 3566 illa
2212 3522 2363 3585 pru·
