2609 3884
349 157 436 220 34
885 151 1472 210 AOADEMICORUM
1504 150 1841 208 PRIORUM

345 318 460 383 isti
523 316 772 400 dicunt,
834 321 909 380 ut
972 336 1049 380 ea
1101 315 1205 380 vel
1259 314 1431 379 falsa
1485 334 1625 380 esse
1678 317 1970 398 possent,
2031 335 2240 398 neque
2294 335 2381 378 ea

346 408 570 490 posset
631 405 768 470 ulla
830 404 1011 469 notio
1076 403 1471 504 discernere,
1536 423 1664 486 quo
1727 402 1919 466 modo
1982 422 2381 486 quemquam

349 497 463 559 aut
515 493 909 559 conclusisse
965 491 1208 576 aliquid
1261 494 1378 557 aut
1428 491 1753 555 invenisse
1797 489 2197 554 diceremus?
2260 493 2381 554 aut

349 603 510 666 quae
557 584 728 646 esset
772 580 1059 646 conclusi
1105 578 1471 664 argumenti
1515 577 1720 642 fides?
1772 577 1920 661 ipsa
1964 582 2181 642 autem
2225 577 2379 661 phi-

348 669 670 753 losophia,
704 690 869 754 quae
906 667 1268 733 rationibus
1296 665 1599 751 progredi
1636 665 1844 749 debet,
1880 687 2073 750 quem
2099 665 2379 730 habebit
2410 691 2443 732 ⁵

349 757 636 822 exitum?
683 755 1040 841 sapientiae
1076 777 1230 820 vero
1267 755 1422 838 quid
1456 753 1747 818 futurum
1784 753 1928 818 est?
1965 774 2129 837 quae
2164 775 2377 838 neque

351 844 428 910 de
466 867 534 910 80
570 845 716 929 ipsa
751 844 1052 909 dubitare
1089 843 1283 909 debet
1324 863 1531 926 neque
1573 842 1652 906 de
1690 842 1826 906 suis
1864 841 2165 924 decretis,
2210 862 2377 925 quae

349 932 726 1017 philosophi
751 934 989 996 vocant
1016 927 1333 1014 δόγματα,
1369 951 1641 1014 quorum
1678 930 1931 994 nullum
1967 929 2107 994 sine
2136 930 2379 994 8001010

347 1021 536 1104 prodi
569 1019 829 1103 poterit.
915 1017 1080 1084 Cum
1127 1019 1299 1083 enim
1345 1018 1675 1083 decretum
1718 1017 2039 1119 proditur,
2083 1018 2192 1081 lex
2235 1018 2381 1082 veri

345 1109 633 1192 rectique
696 1106 1016 1191 proditur,
1079 1129 1207 1192 quo
1272 1128 1308 1171 e
1372 1106 1535 1171 vitio
1598 1109 1666 1170 et
1729 1105 2161 1170 amicitiarum
2223 1126 2376 1189 pro·
2408 1131 2476 1172 10

349 1194 627 1259 ditiones
664 1198 730 1259 et
762 1215 979 1259 rerum
1013 1195 1423 1278 publicarum
1457 1194 1641 1259 nasci
1676 1194 1906 1259 solent.
1966 1193 2123 1259 Non
2154 1196 2383 1276 potest

347 1283 554 1368 igitur
606 1282 915 1367 dubitari,
967 1283 1125 1366 quin
1178 1282 1509 1347 decretum
1560 1282 1816 1346 nullum
1868 1281 2109 1346 falsum
2162 1281 2381 1364 possit

349 1391 528 1435 esse
545 1371 855 1454 sapientis
909 1392 1116 1456 neque
1172 1371 1334 1435 satis
1398 1370 1485 1435 sit
1540 1391 1675 1434 non
1731 1390 1869 1435 esse
1932 1368 2201 1453 falsum,
2265 1370 2383 1434 sed

351 1458 548 1523 etiam
585 1459 845 1542 stabile,
889 1459 1120 1542 fixum,
1164 1461 1383 1523 ratum
1421 1479 1563 1522 esse
1599 1457 1858 1541 debeat,
1904 1456 2076 1541 quod
2114 1477 2380 1521 movere
2595 1517 2596 1538 1

347 1539 532 1611 nulla
601 1547 771 1611 ratio
837 1551 1050 1631 queat.
1158 1546 1351 1611 Talia
1414 1549 1631 1610 autem
1693 1566 1900 1630 neque
1965 1566 2105 1610 esse
2164 1565 2378 1630 neque
2409 1570 2467 1611 15
2594 1557 2596 1630 ξ

349 1634 553 1699 videri
596 1637 874 1718 possunt
918 1657 1143 1701 eorum
1186 1635 1465 1719 ratione,
1524 1633 1634 1718 qui
1678 1633 1799 1698 illa
1844 1632 2012 1717 visa,
2058 1654 2095 1697 e
2139 1633 2378 1718 quibus
2594 1650 2596 1666 ²

351 1723 569 1788 omnia
623 1722 877 1788 decreta
931 1728 1086 1789 sunt
1135 1726 1321 1806 nata,
1381 1724 1625 1806 negant
1690 1721 2032 1805 quicquam
2086 1741 2128 1784 a
2189 1720 2380 1786 falsis

243 1830 314 1881 28
350 1811 680 1876 interesse.
793 1811 896 1876 Ex
958 1811 1081 1876 hoc
1143 1810 1305 1875 illud
1368 1812 1470 1874 est
1533 1812 1791 1893 natum,
1853 1808 2024 1894 quod
2086 1809 2381 1892 postula·

246 2793 315 2843 29

349 1898 465 1963 bat
535 1897 950 1980 Hortensius,
1022 1901 1098 1962 ut
1168 1898 1237 1963 id
1308 1898 1526 1982 ipsum
1598 1897 1832 1962 saltem
1894 1899 2273 1980 perceptum
2338 1919 2380 1962 a

351 1987 642 2069 sapiente
689 1949 1015 2069 diceretis,
1058 1985 1225 2050 nihil
1270 2007 1463 2070 posse
1506 1985 1773 2086 percipi.
1852 1982 1978 2049 Sed
2022 1983 2376 2067 Antipatro
2410 2011 2467 2050 20

348 2073 476 2137 hoc
527 2072 698 2136 idem
750 2073 1140 2157 postulanti,
1191 2094 1339 2137 011111
1394 2073 1636 2138 diceret
1690 2072 1777 2156 ei,
1830 2073 1943 2158 qui
2007 2071 2381 2137 adfirmaret

349 2160 516 2224 nihil
559 2181 754 2244 posse
798 2161 1079 2244 percipi,
1121 2182 1323 2225 unum
1367 2164 1591 2225 tamen
1631 2161 1797 2225 illud
1842 2160 2079 2244 dicere,
2125 2161 2387 2244 percipi

349 2270 569 2332 posse,
625 2251 1130 2313 consentaneum
1175 2269 1344 2332 esse,
1396 2252 1472 2312 ut
1518 2249 1647 2313 alia
1689 2270 1824 2314 non
1867 2251 2163 2331 possent,
2220 2245 2378 2313 Gar-

348 2336 589 2401 neades
626 2336 877 2401 acutius
913 2336 1281 2401 resistebat.
1332 2333 1504 2401 Nam
1539 2339 1798 2400 tantum
1836 2337 2062 2401 abesse
2098 2335 2377 2420 dicebat,

351 2427 427 2488 ut
488 2423 557 2488 id
620 2428 1122 2489 consentaneum
1185 2427 1387 2508 esset,
1447 2427 1525 2489 ut
1583 2423 1863 2489 maxime
1928 2423 2125 2488 etiam
2187 2446 2380 2508 repu-
2406 2449 2465 2491 25

352 2515 604 2598 gnaret.
674 2510 802 2589 Qui
848 2513 1021 2578 enim
1055 2515 1329 2596 negaret
1371 2513 1716 2596 quicquam
1752 2533 1921 2595 esse,
1964 2511 2140 2596 quod
2177 2513 2382 2596 perci-

349 2605 639 2702 peretur,
695 2622 843 2665 eum
894 2601 1063 2666 nihil
1124 2601 1445 2685 excipere3
1510 2600 1604 2664 ita
1656 2621 1916 2664 necesse
1972 2619 2114 2664 esse
2167 2621 2249 2664 ne
2308 2599 2380 2664 id

351 2689 566 2771 ipsum
613 2689 898 2790 quidem,
954 2688 1126 2773 quod
1183 2691 1521 2772 exceptum
1573 2708 1708 2752 non
1753 2690 1951 2771 esset,
2005 2687 2381 2771 comprendi

353 2778 419 2838 et
480 2776 725 2859 percipi
795 2777 931 2842 ullo
1007 2776 1198 2842 modo
1269 2799 1480 2860 posse.
1596 2775 1960 2840 Antiochus
2024 2774 2105 2839 ad
2176 2775 2380 2840 istum

351 2862 570 2926 locum
613 2864 897 2945 pressius
941 2864 1282 2928 videbatur
1326 2863 1643 2928 accedere.
1725 2861 2045 2940 Quoniam
2092 2864 2266 2927 enim
2310 2863 2380 2928 id
2405 2889 2465 2930 so

350 2949 667 3014 haberent
709 2948 1078 3016 Academici
1136 2951 1464 3015 decretum
1508 2947 1793 3037 (sentitis
1841 2951 2013 3015 enim
2071 2951 2205 3016 iam
2251 2951 2379 3016 hoc

353 3057 456 3101 me
493 3033 710 3119 δόγμα
747 3034 1014 3122 dicere),
1056 3037 1224 3102 nihil
1267 3059 1463 3120 posse
1507 3039 1772 3123 percipi,
1819 3060 1952 3103 non
1987 3038 2219 3103 debere
2265 3060 2378 3104 eos

351 3125 423 3189 in
463 3145 579 3188 suo
628 3124 909 3208 decreto,
957 3125 1127 3190 sicut
1169 3126 1241 3191 in
1284 3126 1515 3191 ceteris
1560 3127 1781 3210 rebus,
1826 3126 2154 3206 fluctuari,
2197 3148 2379 3210 prae-

354 3212 578 3277 sertim
622 3232 768 3277 cum
812 3212 885 3276 in
928 3234 1006 3278 00
1055 3234 1309 3278 summa
1350 3215 1755 3297 consisteret3
1801 3213 1971 3279 hanc
2017 3215 2190 3296 enim
2236 3235 2379 3279 esse

353 3300 648 3385 regulam
683 3299 886 3365 totius
932 3301 1407 3386 philosophiae,
1455 3301 1981 3367 constitutionem
2025 3301 2165 3367 veri
2206 3301 2379 3382 falsi,
2406 3327 2459 3370 35

355 3387 600 3472 cogniti
636 3387 973 3474 incogniti3
1020 3412 1218 3474 quam
1261 3391 1581 3454 rationem
1627 3389 1935 3491 quoniam
1979 3390 2383 3474 susciperent

355 3475 710 3560 docereque
771 3476 1040 3562 vellent,
1103 3499 1268 3563 quae
1330 3478 1473 3543 visa
1535 3477 1741 3560 accipi
1796 3480 2150 3562 oporteret,
2214 3500 2379 3562 quae
