2609 3884
1894 3 2573 42 ·--‘-········-············-···<

674 155 810 210 LIB.
846 156 916 211 V.
970 155 1125 212 CAP.
1160 161 1407 213 39—41.
1461 161 1493 222 ξ
1530 158 1843 212 1141—120.
2127 157 2260 221 465

248 319 482 400 tatem,
544 316 639 380 sic
694 317 850 381 licet
912 316 1139 382 surdos
1204 317 1286 382 ad
1349 318 1699 382 oculorum.
1801 317 2088 401 Etenim,
2152 319 2261 402 qui

250 425 469 470 secum
511 403 691 488 loqui
736 405 1003 488 poterit,
1060 425 1421 470 sermonem
1478 405 1740 469 alterius
1787 425 1916 469 non
1960 405 2260 488 requiret.

384 488 831 576 Congerantur
892 492 964 556 in
1024 513 1221 556 unum
1286 492 1531 576 omnia,
1583 495 1660 556 ut
1713 492 1882 556 idem
1937 493 2140 557 oculis
2195 496 2262 557 et

251 578 513 642 auribus
558 582 787 662 captus
835 580 947 663 sit,
1000 583 1334 662 prematur
1378 580 1572 644 etiam
1626 580 1952 644 doloribus
2013 601 2260 644 acerru-

195 691 225 732 ε
253 667 377 730 mis
418 667 721 749 corporis.
795 666 921 743 Qui
953 667 1234 750 primum
1279 689 1397 752 per
1431 688 1500 731 se
1544 668 1672 750 ipsi
1706 668 2078 752 plerumque
2117 689 2261 732 con·

252 753 481 817 ficiunt
523 753 876 837 hominem3
937 754 1041 820 sin
1083 754 1251 818 forte
1294 755 1770 838 longinquitate
1813 755 2113 838 producti
2157 777 2259 820 ve-

252 841 616 906 hementius
675 845 894 908 tamen
951 845 1278 926 torquent,
1341 863 1535 926 quam
1592 845 1666 906 ut
1723 864 1919 907 causa
1977 843 2088 925 sit,
2149 863 2260 906 cur

250 927 569 1012 ferantur,
622 929 775 1013 quid
821 933 921 994 est
962 930 1251 1012 tandem,
1296 929 1364 993 di
1408 930 1589 1012 boni,
1635 930 1804 1014 quod
1847 929 2259 994 laboremus?

170 1055 175 1059 -
251 1014 485 1081 Portus
513 1017 700 1080 ,enim
743 1019 1001 1100 praesto
1048 1021 1171 1100 est,
1230 1016 1561 1101 [quoniam
1615 1038 1790 1082 mors
1844 1017 2087 1081 ibidem
2132 1019 2257 1096 est]

168 1130 225 1169 ιο
253 1107 586 1168 aeternum
656 1104 819 1168 nihil
892 1104 1206 1169 sentiendi
1276 1104 1768 1187 receptaculum.
1886 1103 2259 1170 Theodorus

249 1189 638 1274 Lysimacho
691 1195 967 1258 mortem
1020 1192 1351 1256 minitanti
1413 1191 1800 1277 ‘Magnum
1863 1190 2102 1275 vero',
2165 1191 2260 1256 in·

252 1278 422 1362 quit,
476 1278 879 1362 ‘effecisti‚
934 1279 1000 1343 si
1054 1277 1534 1343 cantharidis
1592 1280 1741 1343 vim
1804 1282 2260 1344 consecutus

252 1365 371 1431 es?
441 1365 682 1430 Paulus
719 1366 902 1430 Persi
938 1366 1331 1449 deprecanti,
1369 1387 1450 1429 ne
1483 1366 1554 1428 in
1588 1365 1918 1448 triumpho
1959 1367 2210 1430 ducere·
2259 1377 2360 1425 118

250 1456 385 1536 tur,
450 1453 568 1517 ‘In
619 1457 751 1519 tua
814 1454 888 1518 id
953 1453 1251 1538 quidem
1322 1456 1714 1537 potestate
1779 1451 1934 1516 est?
2050 1452 2262 1518 Multa

170 1566 225 1606 15
252 1542 462 1625 primo
501 1541 630 1624 die,
666 1562 811 1605 cum
849 1541 927 1604 de
962 1541 1106 1623 ipsa
1140 1543 1345 1605 morte
1383 1561 1848 1624 quaereremus,
1887 1561 2022 1605 non
2056 1559 2262 1623 pauca

168 1709 177 1716 ἢ
254 1629 449 1693 etiam
492 1632 779 1713 postero,
825 1650 969 1693 cum
1015 1630 1314 1712 ageretur
1359 1627 1436 1692 de
1483 1628 1729 1711 dolore,
1775 1631 1925 1692 sunt
1969 1627 2140 1692 dicta
2183 1627 2260 1690 de

253 1720 487 1798 morte,
532 1737 694 1799 quae
742 1717 853 1800 qui
888 1716 1278 1799 recordetur,
1323 1714 1497 1781 haud
1542 1737 1697 1780 sane
1741 1716 2097 1800 periculum
2143 1717 2261 1798 est,

252 1825 335 1868 ne
367 1825 503 1869 non
538 1807 813 1868 mortem
850 1806 963 1867 aut
998 1803 1348 1887 optandam
1386 1806 1499 1867 aut
1533 1807 1705 1867 certe
1725 1819 1873 1866 *non
1907 1802 2259 1867 timendam

252 1893 452 1974 putet.
521 1890 689 1955 Mihi
732 1891 992 1975 quidem
1033 1892 1105 1955 in
1148 1891 1285 1954 vita
1331 1891 1647 1980 servanda
1681 1891 1936 1956 videtur
1978 1890 2095 1954 illa
2136 1891 2260 1972 lex,
2277 1884 2360 1949 41

172 2004 227 2044 20
254 1998 418 2061 quae
463 1978 534 2041 in
578 1976 969 2043 Graecorum
1005 1977 1318 2044 conviviis
1355 1977 1708 2042 obtinetur:
1759 1977 1943 2041 ‘Aut
1977 1977 2108 2041 bib
2121 1975 2261 2060 at',

253 2065 489 2148 inquit,
555 2064 720 2130 ‘aut
750 2119 755 2122 .
782 2065 1049 2131 abeat?
1154 2065 1243 2129 E't
1294 2067 1485 2129 recte.
1583 2064 1718 2129 Aut
1781 2064 1952 2130 enim
2009 2065 2262 2128 fruatur

255 2153 489 2237 aliquis
551 2152 795 2235 pariter
857 2175 1004 2217 cum
1066 2153 1214 2217 aliis
1276 2153 1611 2235 voluptate
1664 2152 1933 2234 potandi
1987 2155 2126 2234 aut,
2178 2173 2258 2216 ne

254 2240 507 2305 sobrius
543 2241 614 2304 in
645 2239 1017 2304 violentiam
1052 2240 1530 2304 vinulentorum
1567 2240 1835 2322 incidat,
1874 2242 2024 2303 ante
2060 2239 2259 2304 disce-

255 2327 384 2391 dat.
473 2325 578 2391 Sic
627 2327 896 2392 iniurias
948 2327 1278 2410 fortunae,
1342 2348 1500 2411 quas
1562 2326 1731 2391 ferre
1784 2348 2091 2411 nequeaS,
2157 2327 2259 2390 de-

174 2439 229 2481 25
253 2413 558 2498 fugiendo
596 2415 942 2498 relinquas,
1010 2414 1191 2478 Haec
1227 2413 1449 2478 eadem
1458 2464 1476 2496 ,
1522 2434 1684 2496 quae
1729 2413 2065 2496 Epicurus,
2107 2413 2259 2477 toti-

256 2503 399 2565 dem
444 2502 657 2566 verbis
704 2502 859 2566 dicit
902 2501 1355 2584 Hieronymus

388 2589 629 2664 Quodsi
664 2590 713 2653 ii
747 2588 1147 2674 philosophi,
1191 2609 1464 2672 quorum
1501 2609 1578 2652 ea
1614 2588 1936 2652 sententia
1972 2590 2090 2670 est,
2139 2591 2214 2652 ut
2260 2600 2358 2649 119

254 2677 460 2761 virtus
513 2699 627 2759 per
680 2699 748 2741 se
802 2678 943 2760 ipsa
994 2676 1159 2740 nihil
1210 2677 1449 2758 valeat,
1517 2696 1852 2760 omneque,
1917 2675 2087 2758 quod
2147 2675 2257 2750 ho-

253 2767 511 2828 nestum
562 2786 682 2828 nos
729 2768 795 2828 et
848 2764 1168 2828 laudabile
1214 2784 1355 2828 esse
1400 2763 1693 2842 dicimus,
1749 2763 1816 2827 id
1860 2762 1961 2826 illi
2005 2784 2260 2828 cassum

174 2877 229 2917 ao
256 2851 558 2936 quiddam
612 2855 678 2915 et
729 2852 907 2915 inani
961 2851 1137 2916 vocis
1194 2872 1352 2915 sono
1409 2850 1777 2915 decoratum
1833 2872 1972 2914 esse
2023 2851 2258 2933 dicant,

256 2941 315 3003 ei
360 2943 577 3003 tamen
621 2960 872 3022 semper
916 2939 1177 3003 beatum
1214 2941 1478 3003 censent
1514 2959 1653 3001 esse
1691 2938 2070 3022 sapientem,
2105 2939 2259 3021 quid

254 3026 514 3090 tandem
579 3048 617 3090 a
681 3023 943 3090 Socrate
1008 3029 1073 3090 et
1132 3026 1403 3090 Platone
1473 3026 1779 3108 profectis
1850 3025 2254 3110 philosophis

254 3112 615 3177 faciendum
659 3112 946 3177 iudicas?
1003 3135 1274 3197 quorum
1331 3112 1444 3177 alii
1495 3116 1746 3178 tantam
1788 3113 2256 3197 praestantiam

255 3201 324 3263 in
367 3199 555 3263 bonis
602 3200 799 3263 animi
843 3221 982 3264 esse
1028 3201 1274 3279 dicunt,
1319 3203 1394 3264 ut
1439 3201 1520 3265 ab
1566 3201 1668 3265 his
1710 3201 1994 3282 corporis
2041 3202 2107 3262 et
2152 3220 2256 3263 ex-

176 3312 230 3354 35
256 3291 437 3352 terna
494 3286 935 3370 obscurentur,
1000 3288 1110 3351 alii
1164 3291 1380 3352 autem
1433 3287 1592 3352 haec
1644 3309 1724 3352 ne
1779 3289 1948 3350 bona
2000 3286 2257 3369 quidem

258 3376 523 3456 ducunt,
567 3374 634 3437 in
682 3373 894 3437 animo
940 3379 1257 3457 reponunt
1309 3376 1542 3440 omnia.
1633 3374 1916 3448 Quorum
1963 3377 2213 3437 contro·
2261 3385 2364 3434 120

256 3463 536 3527 versiam
582 3461 833 3526 solebat
887 3464 1221 3544 tamquam
1264 3461 1646 3527 honorarius
1694 3460 1934 3524 arbiter
1979 3460 2257 3524 iudicare

362 3573 470 3615 010.
498 3574 579 3615 1v.
618 3577 655 3615 1.
1874 3567 1942 3614 30
