2609 3884
339 122 470 233 3⁶1ss
729 164 1331 221 TUSCULANARUM
1364 165 1970 221 DISPUTATION'UM

339 329 627 395 omnium
695 350 912 393 rerum
973 327 1404 394 humanarum
1468 328 1948 413 contemptione
2010 348 2086 393 ac
2148 327 2367 430 despi-

339 417 578 483 cientia
622 420 687 481 et
731 418 801 481 in
848 416 1027 482 omni
1068 417 1309 482 virtute
1354 438 1691 499 ponamus.
1780 413 1951 480 Nam
1995 436 2167 481 nunc
2223 417 2365 501 qui·

208 508 224 517 ‘
339 506 484 569 dem
548 504 1060 590 cogitationibus
1123 504 1525 569 mollissimis
1590 504 2061 605 effeminamur,
2137 508 2239 584 ut,
2304 505 2365 568 si

343 596 491 658 ante
527 614 704 657 mors
743 593 1070 677 adventet,
1107 615 1304 677 quam
1342 589 1814 658 Chaldaeorum
1850 592 2175 675 promissa
2212 613 2364 658 con-

342 681 547 747 secuti
586 702 836 761 sumus,
874 681 1138 765 spoliati
1174 682 1432 765 magnis
1470 679 1855 764 quibusdam
1897 680 2114 764 boniS,
2160 680 2365 745 inlusi
2388 705 2419 742 ε

235 791 302 841 96
343 769 764 854 destitutique
817 770 1166 834 videamur.
1275 768 1521 846 Quodsi
1585 768 2012 851 exspectando
2070 772 2137 832 et
2195 767 2365 833 desi-

342 856 625 922 derando
681 857 1034 941 pendemus
1091 857 1353 939 animis,
1417 856 1802 939 cruciamur,
1858 857 2184 941 angimur,
2242 878 2366 939 pro

342 945 409 1011 di
463 946 870 1011 inmortales!
923 966 1116 1028 quam
1170 944 1335 1010 illud
1382 944 1508 1009 iter
1566 943 1912 1009 iucundum
1966 965 2107 1008 esse
2153 942 2367 1023 debet,

341 1054 466 1117 0110
517 1032 810 1098 confecto
859 1033 1043 1097 nulla
1085 1032 1335 1116 reliqua
1380 1054 1556 1116 cura,
1607 1032 1793 1096 nulla
1839 1031 2203 1097 sollicitudo
2262 1032 2365 1095 fu·
2564 1078 2567 1133 J

339 1125 492 1186 tura
537 1120 648 1184 sit!
724 1119 932 1196 Quam
977 1140 1080 1183 1110
1125 1119 1405 1185 delectat
1444 1119 1902 1184 Theramenes!
1950 1141 2142 1204 quam
2188 1120 2362 1184 clato
2394 1145 2442 1183 10

343 1209 557 1273 animo
614 1209 740 1272 est!
830 1206 977 1271 Etsi
1035 1208 1208 1272 enim
1261 1208 1514 1291 flemuS,
1576 1228 1722 1272 cum
1774 1207 2082 1292 legimus,
2141 1210 2361 1272 tamen
2566 1198 2569 1273 ἕ

2568 1320 2571 1365 ι

2570 1440 2573 1485 ι

339 1317 474 1362 11011
519 1295 978 1360 miserabiliter
1021 1295 1123 1360 vir
1166 1296 1378 1360 clarus
1426 1295 1754 1362 emoritur.
1846 1294 1974 1371 Qui
2024 1316 2169 1361 cum
2212 1317 2364 1361 con-

338 1385 544 1456 iectus
590 1384 661 1448 in
698 1404 1019 1449 carcerem
1054 1384 1330 1469 triginta
1369 1383 1549 1448 iussu
1583 1380 2011 1466 tyrannorum
2046 1404 2364 1449 venenum

339 1475 416 1537 ut
461 1471 689 1537 sitiens
738 1471 1139 1555 obduxisset,
1184 1471 1504 1555 reliquum
1546 1471 1639 1535 sic
1684 1493 1719 1535 e
1764 1473 1993 1555 poculo
2040 1470 2243 1549 eiecit,
2288 1475 2365 1535 ut

340 1559 408 1623 id
451 1564 818 1645 resonaret,
864 1581 990 1644 quo
1037 1559 1257 1624 sonitu
1300 1559 1551 1624 reddito
1599 1557 1896 1623 adridens
1944 1557 2365 1643 ‘Propino',
2393 1583 2444 1625 1⁵
2572 1561 2574 1605 ἔ

340 1647 577 1732 inquit,
641 1646 816 1713 11’00
878 1645 1202 1731 1111101110
1259 1644 1585 1712 Critiae’
1596 1696 1614 1730 ,
1642 1646 1791 1748 qui·
1834 1647 1903 1711 in
1949 1668 2095 1711 eum
2147 1646 2365 1711 fuerat

340 1736 768 1801 taeterrimus,
869 1734 1103 1799 Graeci
1156 1736 1328 1799 enim
1380 1735 1453 1800 in
1516 1734 1827 1799 conviviis
1890 1734 2101 1799 solent
2156 1736 2365 1835 nomi-

340 1844 524 1908 nare,
578 1824 684 1888 0111
735 1822 1041 1906 110011111111
1093 1823 1400 1887 tradituri
1446 1822 1596 1887 sint.
1684 1820 1873 1888 Lusit
1915 1822 2017 1887 vir
2061 1820 2365 1907 egregius

343 1914 632 1976 extremo
662 1910 916 1995 spiritu,
943 1931 1091 1975 cum
1106 1911 1239 1975 iam
1265 1910 1661 1995 praecordiis
1680 1913 2057 1995 conceptam
2084 1915 2367 1976 mortem

342 2000 730 2082 contineret,
773 2019 1050 2083 vereque
1089 1998 1176 2082 ei,
1222 1999 1325 2063 cui
1362 2019 1677 2065 vencnum
1714 1998 2147 2082 praebiberat,
2192 2020 2363 2064 mor·
2394 2024 2448 2064 20

340 2090 476 2151 tem
541 2108 685 2149 03111
749 2091 851 2150 est
915 2088 1303 2190 auguratus,
1364 2107 1529 2170 quae
1591 2085 1773 2151 brevi
1838 2090 2181 2152 consecuta
2244 2092 2369 2153 est.
2577 2120 2580 2213 1

236 2196 303 2246 9⁷
345 2173 502 2250 Quis
557 2173 729 2237 hanc
783 2174 1052 2238 maximi
1107 2174 1308 2239 animi
1363 2175 1756 2257 aequitatem
1818 2175 1888 2239 in
1947 2176 2093 2257 ipsa
2153 2180 2369 2240 morte

341 2262 665 2339 laudaret,
725 2261 782 2326 si
823 2265 1102 2326 mortem
1147 2262 1391 2326 malum
1446 2260 1804 2326 iudicaret?
1850 2264 1893 2343 †
1937 2260 2141 2326 Vadit
2189 2264 2369 2327 enim

342 2351 413 2414 in
475 2348 746 2414 eundem
809 2370 1130 2415 carcerem
1194 2352 1387 2433 atque
1456 2350 1527 2414 in
1591 2349 1857 2414 eundem
1927 2350 2150 2433 paucis
2212 2355 2374 2434 post

343 2438 530 2502 annis
578 2436 898 2522 scyphum
943 2434 1242 2502 Socrates
1289 2437 1517 2502 eodem
1569 2436 1812 2502 scelere
1871 2437 2180 2522 iudicum,
2236 2458 2368 2521 quo
2396 2463 2451 2505 25

339 2529 767 2609 tyrannorum
812 2525 1267 2589 Theramenes.
1350 2524 1529 2601 Quae
1575 2528 1676 2589 est
1717 2525 1922 2610 igitur
1958 2526 2094 2590 eius
2131 2526 2372 2610 oratiO,

345 2635 472 2699 qua
524 2613 684 2678 facit
739 2635 886 2678 eum
937 2611 1127 2679 Plato
1180 2635 1369 2677 usum
1404 2612 1595 2697 ⁴apud
1653 2612 1895 2679 iudices
1958 2612 2090 2677 iam
2153 2616 2371 2679 morte

342 2700 738 2766 multatum?

233 2795 318 2859 41
477 2788 753 2874 ‘Magna
787 2788 942 2873 me',
979 2789 1210 2874 inquit,
1247 2788 1428 2871 ‘spes
1465 2791 1663 2873 tenet,
1697 2788 1958 2873 1111110οε,
1998 2789 2165 2853 bene
2201 2788 2371 2854 mihi

341 2877 619 2961 evenire,
674 2877 845 2961 quod
900 2877 1128 2942 mittar
1181 2877 1264 2941 ad
1317 2880 1611 2941 mortem.
1699 2875 1980 2942 Necesse
2034 2879 2136 2942 est
2189 2876 2369 2941 enim
2398 2902 2451 2942 so

342 2965 432 3030 sit
477 2965 754 3030 alterum
800 2964 878 3028 de
924 2963 1202 3049 duobus,
1253 2968 1332 3030 ut
1385 2968 1499 3031 aut
1552 2986 1777 3030 sensus
1830 2966 2091 3030 omnino
2138 2986 2367 3030 omnes

339 3075 516 3118 mors
578 3051 829 3116 auferat
887 3055 1002 3117 aut
1059 3054 1130 3117 in
1190 3052 1394 3118 alium
1456 3051 1779 3137 quendam
1837 3053 2054 3118 locum
2116 3074 2194 3117 ex
2256 3053 2367 3119 his

340 3140 502 3205 locis
546 3141 756 3203 morte
799 3139 1137 3226 migretur.
1210 3140 1421 3217 Quam
1464 3141 1550 3206 ob
1595 3162 1759 3224 rem,
1805 3139 1939 3205 sive
1984 3162 2210 3205 sensus
2258 3162 2369 3205 ex-

340 3227 664 3312 tinguitur
707 3248 1011 3313 morsque
1059 3229 1120 3293 01
1155 3251 1385 3294 somno
1430 3228 1661 3293 similis
1702 3230 1827 3312 est,
1870 3228 1982 3312 qui
2015 3250 2149 3294 non
2180 3250 2371 3294 num-

341 3337 534 3399 quam
562 3315 756 3379 etiam
777 3316 913 3380 sine
932 3316 1092 3382 visis
1117 3317 1515 3382 somniorum
1541 3316 2050 3400 placatissimam
2078 3318 2365 3401 quietem
2398 3341 2455 3383 85

343 3401 578 3487 adfert,
623 3402 688 3465 di
732 3402 915 3481 boni,
959 3402 1114 3485 quid
1161 3403 1325 3468 lucri
1361 3407 1462 3468 est
1498 3404 1728 3469 emori!
1776 3406 1892 3469 aut
1936 3425 2128 3487 quam
2171 3404 2367 3469 multi

342 3489 479 3554 dies
524 3489 794 3573 reperiri
837 3492 1141 3574 possunt,
1187 3491 1297 3574 qui
1342 3490 1463 3556 tali
1501 3491 1679 3556 nocti
1716 3494 2213 3577 anteponantur,
2258 3492 2365 3557 cui
