2609 3884
772 171 1777 241 LIBWVCAP8,9.-§2125.
2151 172 2283 237 245

267 332 480 415 ipsum
541 353 662 417 =per
723 353 793 397 88
855 334 1136 416 primum
1199 336 1568 417 appetatur,
1642 332 1768 399 hoe
1829 336 2043 399 totum
2106 338 2173 399 et
2232 335 2285 402 ii

267 420 534 503 tollunt,
582 420 693 504 qui
725 420 798 485 in
829 421 1080 485 rebus
1059 421 1172 505 118,
1207 421 1278 485 in
1314 421 1546 505 quibus
1576 419 1748 485 nihil
1778 425 1901 486 aut
1934 421 2283 488 honestum

269 511 383 573 aut
434 510 624 592 turpe
681 508 795 591 sit,
845 512 1130 594 negant
1145 530 1286 573 esse
1340 510 1541 574 ullam
1596 530 1882 594 causam,
1936 532 2048 575 8111
2103 511 2284 577 aliud

267 596 380 661 alii
427 599 890 681 anteponatur,
933 617 1051 661 nec
1095 597 1267 661 inter
1303 618 1421 662 eas
1475 618 1577 661 res
1630 598 1971 681 quiequam
2008 599 2283 665 omnino

217 708 243 748 ⁵
267 686 505 768 putant
557 684 894 769 interesse,
948 688 1016 749 et
1069 684 1344 770 Eri-llus,
1398 685 1456 750 si
1507 686 1603 749 ita
1648 686 1872 768 sensit,
1930 686 2096 751 1111111
2137 708 2282 753 8888

268 772 518 836 bonum
573 775 832 856 praeter
889 772 1263 851 seientiam,
1336 794 1593 839 omnem
1660 774 1919 839 consilii
1990 774 2285 857 capiendi

271 880 532 925 causam
591 860 1158 945 inventionemque
1213 822 1410 927 o'ffioii
1464 862 1743 927 sustulit.
1840 860 1954 927 Sic
2008 863 2283 929 exclusis

271 948 611 1013 sententiis
656 948 1052 1033 reliquorum
1091 970 1243 1015 cum
1287 952 1622 1033 praeterea
1654 949 1841 1015 nulla
1874 972 2015 1017 esse
2058 950 2285 1035 possit,

267 1034 431 1101 haec
477 1036 897 1121 antiquorum
942 1037 1158 1101 valeat
1199 1058 1458 1101 neeesse
1502 1041 1621 1103 est.
1708 1037 1922 1123 Igitur
1978 1038 2284 1105 instituto

190 1148 244 1187 10
267 1127 590 1275 118181ζᾶ318,
650 1146 781 1208 quo
845 1124 1044 1189 etiam
1107 1122 1309 1191 Stoici
1370 1128 1675 1210 utuntm,
1738 1126 1891 1191 hinc
1954 1126 2285 1211 capiamus

269 1232 420 1277 exer
491 1233 618 1277 um.

400 1297 606 1365 Omne
643 1300 888 1364 animal
923 1321 993 1365 se
1025 1300 1243 1384 ipsum
1279 1300 1500 1386 diligit
1534 1324 1637 1387 ac,
1680 1302 1876 1367 simul
1914 1304 2032 1384 [et]
2071 1306 2284 1370 ortum
2318 1264 2389 1390 ἑὲ

270 1391 396 1471 est,
449 1387 519 1451 id
557 1388 728 1472 agit,
783 1390 860 1453 ut
903 1409 972 1452 se
1017 1392 1378 1474 conservet,
1432 1389 1607 1473 quod
1648 1389 1757 1455 hic
1795 1390 1863 1455 ei
1906 1390 2155 1473 primus
2201 1391 2284 1457 ad

269 1438 529 1541 88111818
582 1476 786 1541 vitam
838 1476 1147 1541 tuendam
1203 1478 1527 1561 appetitus
1582 1500 1623 1543 8
1668 1482 1903 1543 natura
1946 1478 2159 1563 datur,
2212 1500 2284 1545 se

190 1586 244 1628 15
269 1567 344 1627 ut
387 1567 726 1629 conservet
771 1567 964 1648 atque
1009 1563 1105 1629 ita
1157 1564 1244 1629 sit
1288 1565 1613 1649 affectum,
1657 1569 1733 1631 ut
1776 1566 2021 1649 optime
2062 1586 2284 1631 secun-

269 1651 422 1715 dum
474 1654 778 1715 naturam
829 1652 1130 1717 affectum
1187 1674 1331 1717 8888
1384 1653 1613 1737 possit.
1714 1652 1904 1719 Hane
1956 1653 2145 1719 initio
2190 1654 2284 1719 in-

271 1739 683 1804 stitutionem
734 1739 1069 1805 confusam
1122 1740 1323 1805 habet
1373 1744 1443 1805 et
1490 1742 1807 1805 incertam
1817 1791 1835 1825 ,
1897 1744 1972 1805 ut
2024 1743 2283 1808 tantum

270 1826 462 1893 modo
506 1848 579 1891 88
622 1829 912 1911 tueatur,
965 1828 1428 1912 qualecumque
1481 1829 1597 1912 sit,
1654 1828 1767 1894 sed
1820 1850 1940 1894 nee
1978 1828 2137 1912 quid
2194 1830 2282 1893 sit

188 2026 246 2065 20
267 1914 2281 2089 ffiqffloeffssffioe‘ssssssssussssuiffimessaffif-Zffusmssffiffss

272 2112 340 2154 se
382 2090 674 2193 attingat
707 2091 790 2156 ad
831 2112 1026 2175 88388
1066 2093 1419 2176 pertineat,
1462 2093 1826 2176 perspicere
1864 2093 2098 2176 coepit,
2141 2096 2282 2157 tum

271 2179 514 2243 sensim
572 2178 810 2263 incipit
871 2179 1174 2264 progredi
1237 2201 1501 2265 seseque
1561 2200 1915 2265 agnoscere
1960 2184 2035 2245 et
2084 2180 2281 2245 intel-

267 2266 511 2351 legere,
557 2288 752 2351 quam
795 2267 882 2331 ob
928 2288 1191 2333 causam
1238 2266 1477 2333 habeat
1519 2290 1695 2353 eum,
1748 2290 1943 2352 quem
1982 2268 2285 2351 diximus,

270 2355 470 2419 animi
543 2355 938 2438 appetitum,
1011 2358 1396 2439 coeptatque
1469 2359 1535 2421 et
1604 2378 1705 2439 88,
1776 2377 1939 2441 quae
2009 2358 2283 2420 naturae

190 2466 244 2507 25
271 2442 473 2507 sentit
523 2446 706 2527 apta,
760 2446 1060 2527 appetere
1115 2448 1181 2508 et
1231 2444 1609 2528 propulsare
1664 2444 2003 2509 contraria.
2099 2442 2280 2527 Ergo

270 2530 450 2596 omni
495 2530 766 2595 animali
807 2530 998 2616 illud,
1038 2530 1216 2615 quod
1253 2532 1536 2616 appetit,
1588 2532 1872 2615 positum
1916 2533 2019 2595 est
2072 2530 2141 2593 in
2186 2552 2282 2613 eo,

270 2617 440 2701 quod
482 2622 755 2683 naturae
799 2622 902 2683 est
944 2620 1517 2686 accommodatum.
1604 2618 1709 2683 Ita
1762 2619 1913 2683 finis
1962 2581 2282 2682 bonorum,

271 2705 528 2770 exsistit
587 2696 938 2771 seeundum
997 2711 1296 2772 naturam
1363 2708 1573 2773 vivere
1638 2707 1730 2772 sie
1804 2706 2101 2771 affectum
2114 2757 2133 2790 ,
2208 2710 2283 2770 ut

271 2794 515 2877 optime
562 2794 735 2859 affici
779 2794 990 2877 possit
1025 2794 1108 2859 ad
1141 2797 1564 2879 naturamque
1598 2794 2282 2860 accommodatissime.

187 2905 246 2943 30
272 2880 592 2956 Quoniam
655 2884 873 2946 autem
927 2904 1044 2947 sua
1099 2882 1400 2967 cuiusque
1466 2882 1814 2948 animantis
1868 2886 2107 2947 natura
2166 2886 2281 2967 est,
2317 2902 2387 2952 25

266 2990 532 3033 necesse
601 2973 706 3034 est
772 2970 968 3035 finem
1047 2992 1296 3055 quoque
1368 2972 1658 3037 omnium
1727 2971 1897 3036 hune
1969 2993 2135 3056 8888,
2209 2976 2283 3035 ut

267 3059 506 3121 natura
558 3058 891 3141 expleatur
943 3054 1138 3143 (nihil
1187 3057 1364 3123 enim
1414 3058 1723 3143 prohibet
1782 3058 2095 3144 quaedam
2140 3080 2282 3123 esse

270 3146 337 3208 et
379 3144 551 3209 inter
595 3166 666 3209 88
709 3145 1098 3211 animalibus
1141 3146 1408 3229 reliquis
1458 3150 1524 3211 et
1565 3168 1715 3212 cum
1758 3146 1987 3211 bestiis
2033 3146 2283 3212 homini

270 3232 660 3316 communia,
715 3232 1024 3317 quoniam
1080 3232 1369 3299 omnium
1424 3236 1525 3299 est
1576 3237 1813 3299 natura
1869 3232 2281 3318 communis),

185 3342 244 3383 85
271 3320 382 3385 sed
445 3323 734 3385 extrema
791 3320 909 3385 illa
974 3324 1040 3385 et
1098 3343 1380 3407 summa,
1441 3343 1607 3407 quae
1658 3322 2055 3406 quaerimus,
2111 3322 2283 3386 inter

272 3407 651 3472 animalium
703 3428 944 3492 genera
997 3408 1304 3474 distincta
1358 3412 1424 3474 et
1477 3410 1819 3494 dispertita
1871 3410 2004 3474 sint
2053 3412 2119 3473 et
2162 3430 2283 3472 sua

267 3495 499 3581 cuique
551 3497 816 3581 propria
872 3500 939 3561 et
990 3497 1073 3562 >ad
1125 3495 1196 3562 id
1239 3500 1420 3581 apta,
1474 3497 1644 3581 quod
1698 3496 2003 3579 cuiusque
2046 3496 2284 3560 natura
