2609 3884
184 144 188 148 ’
279 164 410 220 v111
911 161 1336 219 ADNorArio
1374 161 1680 218 cemos

280 325 402 378 tum
428 323 570 378 Bait.
603 355 670 363 —
699 322 760 375 P.
793 329 876 377 32.
907 328 939 377 8
977 338 1094 377 ima
1129 325 1249 376 aut
1283 321 1499 375 duabus
1530 320 1684 377 Leid.
1712 321 1785 388 Β,
1823 327 1873 376 et
1907 320 1959 375 V
1986 319 2059 388 A,
2095 321 2297 390 Halm„

282 394 426 450 Bait.
468 425 533 434 —-
571 393 632 448 P.
674 399 757 448 32.
798 401 829 448 9
877 409 1012 462 quas
1046 393 1098 446 si
1151 391 1429 458 Walker.,
1474 391 1619 445 Bait.
1703 391 1831 445 Vid.
1870 391 2055 445 Madv.
2097 391 2166 445 de
2203 393 2297 445 fin.

280 464 334 517 II
373 470 455 519 19.
503 469 568 518 61
616 481 672 532 p.
712 467 832 517 248.
873 493 940 502 -
976 461 1040 515 P.
1079 467 1162 517 34.
1202 467 1267 515 25
1314 462 1379 515 id
1424 462 1584 515 codd.
1629 460 1680 513 A
1724 462 1784 515 et
1817 461 1889 528 B,
1934 461 2065 516 incl.
2112 461 2296 517 Halm.

282 533 544 602 idemque
574 533 811 588 coniecit
838 534 966 599 atei,
993 533 1058 586 ut
1085 533 1170 585 est
1195 531 1254 584 in
1282 531 1405 586 cod.
1434 531 1486 585 V
1512 535 1599 597 (ut
1625 533 1711 600 ei).
1742 562 1807 570 —
1836 530 1901 585 P.
1930 538 2016 585 34.
2045 537 2113 586 37
2142 548 2298 600 opor-

283 611 438 671 teret,
475 621 613 673 quae
648 604 808 659 codd.
837 603 887 657 A
929 604 987 657 et
1018 603 1063 655 B
1102 603 1160 655 ei,
1192 600 1367 668 Bait„
1403 617 1489 670 op.
1528 606 1587 656 et
1620 618 1759 670 quae
1793 601 1958 657 Vind.
1995 603 2093 669 (?)‚
2127 603 2299 672 vulg.,

280 675 467 730 Halm.
506 705 572 716 -
607 672 672 729 P.
712 679 796 728 35.
827 679 859 728 5
897 688 1004 729 esse
1040 688 1177 726 eras
1215 670 1276 725 in
1312 671 1432 726 cod.
1470 669 1520 723 A
1557 671 1665 728 del.
1702 672 1923 739 Lamo,
1959 671 2106 726 Bait.
2140 703 2207 713 —
2234 673 2297 729 P.

283 750 367 800 35.
399 752 464 799 13
501 747 576 799 sit
601 746 753 798 recte
783 743 964 812 codd„
995 748 1072 797 est
1095 741 1270 810 vulg.;
1309 759 1363 795 v.
1403 741 1565 808 Seyff.
1592 741 1747 798 Lael.
1774 761 1827 812 p.
1858 749 1988 810 346,
2024 741 2299 796 Fleckeis.

283 815 468 869 annal.
514 815 651 885 phil.
693 820 828 869 1873
874 831 928 883 p.
967 818 1067 867 351
1107 814 1222 866 not.
1265 816 1356 880 11,
1408 812 1534 868 add.
1572 810 1716 868 Plin.
1754 812 1887 866 XIII
1922 819 2017 880 31,
2054 812 2153 867 XV
2195 818 2295 866 111

284 887 342 938 et
388 891 516 952 138,
556 886 707 953 Sulp.
748 884 871 939 Sev.
903 882 1034 937 dial.
1063 883 1141 937 III
1178 887 1211 936 8
1249 898 1360 950 ex„
1397 882 1603 937 Auson.
1642 883 1802 952 epist.
1843 889 1925 938 17.
1966 889 2025 950 7,
2061 881 2297 952 August.
2386 933 2395 939 .

284 955 386 1010 civ.
427 955 519 1010 dei
553 955 678 1008 VIII
716 961 747 1008 6
787 969 896 1020 ex„
940 953 1076 1007 VIII
1119 957 1153 1006 8
1190 970 1242 1020 p.
1279 970 1381 1020 m.,
1427 952 1560 1007 VHI
1596 959 1665 1008 24
1700 953 1801 1020 in.,
1848 953 1927 1007 XI
1962 959 2027 1008 31
2077 971 2151 1006 m.
2189 955 2297 1007 etc.

281 1025 433 1079 Infra.
467 1043 521 1094 p.
563 1030 681 1079 106.
715 1028 796 1077 15.
833 1054 900 1062 -
935 1021 1000 1078 P.
1039 1025 1122 1078 35.
1160 1027 1229 1078 22
1257 1024 1461 1090 primo
1505 1024 1697 1078 Lamb.
1736 1022 1971 1091 aliique,
2018 1023 2200 1077 Halm.
2240 1023 2298 1076 et

281 1096 424 1150 Bait.
463 1096 751 1164 primum,
788 1093 949 1148 codd.
985 1095 1215 1162 prima;
1248 1092 1401 1146 idem
1438 1093 1508 1147 de
1546 1094 1697 1149 deor.
1735 1096 1850 1148 nat.
1877 1094 1933 1148 H
1970 1099 2051 1148 12.
2081 1099 2150 1148 33
2184 1109 2299 1146 non

276 1166 486 1234 primo,
532 1164 631 1219 sed
670 1165 930 1234 primum
976 1163 1387 1218 emendandum
1430 1162 1570 1218 mihi
1616 1164 1853 1220 videtur.
1894 1194 1956 1203 —
2004 1163 2066 1219 P.
2106 1169 2189 1218 36.
2230 1168 2298 1216 15

282 1237 673 1303 disputentur,
701 1235 852 1303 quod
879 1235 966 1288 est
989 1234 1052 1288 in
1078 1234 1260 1302 codd.,
1288 1233 1474 1288 Halm.
1504 1236 1562 1288 et
1588 1232 1733 1290 Bait.
1799 1232 2041 1288 Christio
2069 1235 2296 1288 auctore

281 1307 572 1360 mutarunt
613 1304 675 1359 in
719 1307 1035 1372 disputent.
1075 1337 1142 1345 —
1178 1302 1242 1360 P.
1273 1311 1359 1359 36.
1389 1310 1457 1359 37
1502 1305 1587 1360 ita
1627 1320 1849 1359 verum
1890 1305 2068 1359 videri
2112 1321 2143 1358 e
2178 1303 2297 1356 Ma·

280 1375 427 1429 nutii
476 1375 617 1430 coni.
653 1375 861 1431 Baiter.
900 1406 967 1414 —
1002 1373 1065 1428 P.
1096 1380 1180 1429 37.
1214 1380 1278 1428 18
1326 1375 1541 1444 quidem
1586 1380 1646 1431 et
1682 1376 2001 1443 impressum
2035 1373 2296 1444 probabi-

281 1446 413 1500 liter
447 1446 661 1513 Madv„
712 1445 857 1499 Bait.
897 1475 964 1484 -·
1000 1443 1062 1501 P.
1103 1450 1188 1499 37.
1233 1450 1300 1498 22
1352 1446 1424 1499 in
1468 1445 1651 1499 animo
1696 1445 1983 1514 impressa,
2027 1446 2093 1498 ut
2136 1462 2189 1498 v.
2231 1449 2295 1498 18

279 1519 599 1585 impressum
642 1517 706 1572 in
750 1517 935 1571 auimo
981 1520 1140 1584 atque
1181 1519 1353 1570 mente
1389 1515 1521 1583 etc„
1560 1515 1780 1583 scripsi,
1830 1517 1997 1569 menti
2030 1517 2297 1583 impressa

280 1587 497 1656 Davis,
552 1585 726 1654 Baiis,
780 1588 1030 1654 inpressa
1081 1585 1264 1640 Halm.
1347 1583 1555 1640 Deesse
1603 1586 1698 1641 vel
1740 1587 1934 1641 mentis
1977 1584 2069 1640 vel
2122 1585 2299 1638 animi

280 1657 619 1711 vocabulum
663 1657 856 1725 doccia,
912 1655 1062 1723 quod
1116 1655 1391 1724 sequitur,
1446 1661 1785 1722 moveatur,
1840 1655 1989 1723 quod
2041 1654 2297 1708 Halmius

283 1726 524 1781 Christio
565 1729 792 1781 auctore
829 1725 1071 1780 mutavit
1104 1725 1164 1779 in
1199 1742 1547 1781 moveamur.
1577 1756 1645 1766 —
1672 1724 1737 1780 P.
1765 1731 1850 1781 38.
1876 1732 1942 1780 13
1978 1727 2123 1780 nihil
2157 1724 2296 1794 [sit]

280 1798 493 1866 Halm„
529 1797 701 1865 Bait.;
739 1796 852 1852 vid.
888 1796 1149 1851 Wesenb.
1187 1796 1261 1850 ad
1296 1797 1519 1851 Tuscul.
1556 1796 1583 1850 1
1619 1801 1704 1851 25.
1735 1802 1829 1863 60,
1872 1802 1957 1850 31.
1990 1801 2082 1864 76,
2130 1795 2209 1849 IV
2244 1800 2295 1848 9.

281 1873 346 1921 21
388 1883 499 1934 ex„
535 1867 682 1921 infra
716 1884 770 1936 p.
809 1871 930 1922 288.
964 1873 1022 1936 7,
1059 1871 1187 1921 -398,
1229 1873 1315 1922 33.
1354 1898 1421 1907 -
1456 1865 1521 1920 Ρ.
1560 1872 1644 1922 38.
1684 1872 1750 1921 31
1799 1868 1863 1920 iu
1898 1867 2113 1921 libram
2152 1881 2295 1934 pori·

280 1938 498 1992 cleribus
541 1938 809 2002 impositis
855 1937 1015 1990 codd.
1055 1937 1106 1990 V
1151 1939 1210 1991 et
1243 1937 1288 1990 B
1327 1939 1505 2007 recte,
1551 1938 1616 1991 ut
1659 1937 1911 2003 videtur,
1956 1935 2006 1989 A
2042 1938 2101 1990 et
2144 1936 2295 2004 vulg.

281 2008 442 2061 libra.
480 2035 547 2045 —
583 2005 645 2059 P.
677 2012 761 2060 39.
793 2012 858 2059 16
895 2010 1102 2073 oportet
1136 2022 1229 2060 vos
1265 2006 1492 2076 scripsi,
1529 2010 1594 2062 ut
1630 2009 1801 2077 esset,
1854 2006 2004 2075 quod
2040 2005 2298 2074 intellegi

279 2078 497 2146 posset,
537 2075 696 2129 codd.
736 2077 796 2128 et
823 2075 948 2128 edd.
979 2074 1142 2140 (Bait.
1171 2075 1370 2130 addita
1398 2079 1581 2145 cruce)
1600 2080 1845 2145 potestis,
1881 2078 2091 2132 Halm:
2134 2077 2294 2130 ‘foi-t.

281 2146 548 2216 oportebit
588 2146 682 2200 vel
726 2160 864 2214 opus
908 2145 1062 2199 erit’.
1110 2175 1177 2185 —
1223 2145 1286 2200 P.
1325 2153 1409 2200 39.
1448 2153 1516 2202 28
1564 2148 1632 2202 ab
1679 2149 1773 2204 iis
1817 2147 2016 2216 scripsi
2057 2165 2160 2218 pro
2196 2148 2298 2212 his,

283 2235 332 2271 v.
364 2223 431 2271 29
470 2220 649 2270 autem
684 2231 714 2270 e
753 2215 914 2270 codd.
952 2213 1090 2283 AB,
1127 2234 1180 2270 v.
1214 2222 1281 2271 32
1320 2218 1525 2284 falsum
1560 2219 1723 2272 etiam
1756 2235 1861 2286 pro
1897 2221 2060 2274 etiam
2093 2219 2297 2285 falsum

282 2304 408 2341 cum
454 2286 678 2340 Baitero
725 2301 793 2340 ex
835 2286 1037 2340 iisdem
1083 2286 1368 2343 codicibus
1417 2287 1647 2356 sumpsi,
1703 2289 1803 2340 sed
1848 2294 1899 2342 et
1936 2306 1989 2344 v.
2027 2294 2097 2342 30
2134 2290 2192 2341 et
2228 2292 2294 2340 33

279 2374 392 2411 non
442 2357 688 2410 ‘seiunxi
729 2356 1179 2426 interpunctione
1217 2357 1290 2412 ab
1334 2358 1459 2426 ipsa.
1504 2356 1856 2411 conclusione
1871 2357 1889 2383 '
1937 2357 2099 2411 unius
2134 2372 2294 2426 argu-

281 2426 471 2482 menti.
511 2457 578 2467 —
614 2426 677 2480 P.
706 2433 793 2482 40.
824 2434 890 2482 13
927 2445 1064 2497 quae
1099 2428 1386 2482 obscurare
1419 2426 1645 2481 Davisio
1682 2428 1910 2480 auctore
1945 2426 2091 2483 Bait.
2127 2456 2193 2467 -
2230 2425 2293 2479 P.

282 2504 366 2552 40.
399 2504 466 2552 33
495 2514 576 2566 sq.
613 2514 743 2552 vera
777 2499 1023 2564 definitio
1058 2497 1275 2568 scripsi,
1314 2497 1430 2568 [vel
1464 2495 1601 2566 illa]
1624 2511 1753 2552 vera
1778 2497 1885 2563 def.
1912 2497 2097 2566 Kays„
2122 2497 2292 2563 Bait.;

279 2568 490 2623 Halm:
523 2568 542 2596 ‘
558 2571 640 2624 vel
657 2568 917 2624 Davisius
945 2568 1150 2636 aliique
1177 2567 1271 2622 hic
1298 2568 1483 2622 locum
1505 2583 1618 2622 non
1640 2567 1849 2621 habere
1876 2566 2295 2633 intellexerunt,

281 2639 541 2706 equidem
585 2639 804 2695 malim:
850 2642 1110 2709 quoniam
1153 2640 1255 2694 illa
1298 2639 1574 2706 definiti&
1623 2654 1759 2692 nam
1810 2637 1934 2693 veri
1976 2637 2159 2693 simile
2213 2639 2297 2693 est

277 2711 361 2762 vel
393 2726 523 2763 vera
557 2710 628 2763 ab
665 2710 856 2776 aliquo
902 2709 1134 2764 librario
1172 2710 1246 2764 ad
1281 2711 1385 2765 illa
1420 2708 1765 2777 adscriptum
1810 2711 1971 2763 esse.'
2014 2740 2081 2750 —
2116 2708 2179 2761 P.
2209 2714 2294 2762 40.

281 2782 347 2830 37
386 2778 688 2831 disserant
713 2778 871 2844 Em„
908 2778 1080 2844 Bait.;
1115 2796 1169 2832 v.
1198 2778 1272 2832 ad
1297 2795 1353 2846 p.
1387 2785 1433 2834 7.
1467 2784 1547 2833 13.
1577 2807 1650 2819 -
1673 2779 1735 2832 Ρ.
1764 2785 1850 2835 41.
1879 2785 1947 2834 23
1984 2781 2058 2834 iis
2092 2779 2297 2846 Halm„

278 2845 423 2900 Bait.
461 2875 530 2886 —-
567 2843 629 2898 P.
668 2851 754 2900 41.
786 2852 852 2900 32
889 2846 1246 2916 [Epicurus]
1278 2846 1489 2903 Baiter.
1522 2878 1589 2887 —
1617 2846 1680 2904 P.
1711 2855 1797 2904 41.
1827 2856 1896 2905 34
1923 2850 2163 2918 profecit
2198 2866 2299 2903 cur

279 2916 525 2985 recipere
576 2914 869 2969 maluerim
915 2931 944 2968 e
991 2915 1152 2969 codd.
1198 2916 1249 2969 A
1295 2919 1354 2971 et.
1397 2917 1444 2971 B
1492 2934 1659 2985 quam
1702 2920 1831 2985 fecit
1874 2936 1905 2974 e
1950 2921 2028 2986 V,
2080 2919 2195 2973 dixi
2236 2920 2296 2974 in

279 2985 629 3040 Fleckeiseni
674 2986 857 3040 annal.
905 2985 1042 3054 phil.
1091 2991 1233 3041 1864
1276 3004 1334 3056 p.
1374 2993 1475 3042 145
1511 3007 1564 3043 n.
1605 2996 1654 3046 8.
1694 3021 1760 3030 —
1797 2989 1859 3042 P.
1890 2997 1976 3044 42.
2007 2996 2039 3044 6
2083 2992 2298 3058 possint

278 3056 474 3110 malim
520 3071 686 3124 quam
721 3061 970 3124 possunt.
1011 3086 1077 3094 -—
1114 3055 1177 3110 P.
1206 3063 1292 3112 42.
1327 3064 1392 3114 18
1436 3060 1502 3113 in
1544 3063 1768 3115 somniis
1808 3060 2020 3127 Halm„
2066 3060 2203 3114 item
2237 3076 2293 3127 p.

280 3132 366 3180 44.
408 3133 497 3193 16,
542 3143 596 3183 v.
642 3125 810 3180 Neuii
853 3125 1248 3183 Formenlehre
1295 3129 1323 3182 Ι
1366 3147 1421 3198 p.
1469 3135 1592 3186 437.
1630 3161 1697 3172 -
1732 3129 1796 3184 P.
1834 3137 1920 3189 42.
1959 3137 2027 3185 25
2070 3131 2146 3184 sit
2192 3145 2294 3198 pro

278 3198 496 3252 intersit
540 3195 862 3252 Ciceronem
906 3198 1159 3266 posuisse
1205 3214 1276 3253 ne
1324 3215 1429 3268 ego
1476 3200 1701 3269 quidem
1748 3200 1913 3256 credo
1965 3202 2046 3268 (et,
2122 3240 2132 3253 .
2172 3204 2291 3253 247.

278 3272 345 3322 36
368 3283 612 3347 ‘quoque
668 3267 867 3336 optimi
913 3268 1131 3322 codices
1181 3274 1258 3324 est
1300 3269 1515 3324 habent
1556 3288 1659 3339 pro
1704 3271 1971 3337 interest);
2018 3286 2075 3323 se
2172 3269 2295 3337 quis

276 3336 420 3391 talla
465 3339 618 3392 certo
667 3337 806 3392 scire
854 3355 912 3392 se
957 3339 1208 3408 profiteri
1251 3341 1493 3395 audeat?
1532 3369 1598 3382 -
1634 3340 1696 3394 P.
1735 3347 1821 3395 42.
1865 3345 1934 3393 28
1980 3356 2095 3394 uon
2136 3356 2294 3394 num-

276 3424 464 3475 quam,
500 3408 617 3462 veri
651 3409 824 3463 simile
861 3414 938 3464 est
973 3409 1217 3480 Madvig.
1257 3410 1327 3464 de
1372 3411 1464 3466 fin.
1502 3427 1555 3479 p.
1596 3415 1725 3479 444,
1770 3409 2003 3476 Baiter„
2050 3425 2164 3464 non
2207 3412 2294 3464 iu-

275 3493 439 3546 quam
494 3480 718 3548 (nquam
762 3477 836 3549 A)
881 3482 996 3535 veri
1047 3482 1222 3536 simile
1273 3482 1350 3535 sit
1402 3479 1589 3548 codd„
1644 3495 1781 3548 non,
1835 3481 2127 3550 inquiunt,
2180 3482 2297 3536 veri
