2609 3884
405 190 534 255 342
793 187 1391 244 TUSCULANARUM
1424 184 2029 243 DISPUTATIONUM

403 354 683 435 scutum,
729 350 1040 436 gladium,
1087 350 1344 436 galeam
1388 348 1459 414 in
1504 370 1697 415 onere
1741 348 1953 413 nostri
1997 348 2245 413 milites
2290 370 2426 413 non

402 440 551 525 plus
595 442 940 503 numerant
985 460 1179 522 quam
1214 458 1501 522 umeroe,
1545 438 1853 521 lacertos,
1898 456 2144 502 manus.
2218 434 2426 501 Arma

403 528 574 592 enim
629 527 920 591 membra
973 526 1202 591 militis
1258 547 1399 592 esse
1463 525 1711 610 dicunt3
1777 545 1940 612 quae
2006 524 2264 611 quidem
2329 526 2427 590 ita

401 618 715 701 geruntur
770 618 945 699 apte,
997 618 1096 698 ut,
1154 616 1214 679 si
1278 636 1433 680 usus
1495 613 1718 695 fuerit,
1782 613 2052 681 abiectis
2118 613 2426 679 oneribus

401 702 718 787 expeditis
765 703 963 768 armis
1007 706 1084 767 ut
1127 703 1435 768 membris
1488 723 1777 787 pugnare
1829 704 2107 788 possint.
2209 700 2427 778 Quid?
2452 722 2475 765 ε

401 791 779 857 exercitatio
850 790 1204 877 legionum,
1277 790 1478 876 quid?
1548 791 1661 855 ille
1733 812 1985 875 cursus,
2054 811 2427 875 concursus,

402 880 645 944 clamor
708 880 936 963 quanti
997 879 1238 945 laboris
1304 882 1431 945 est!
1536 878 1638 944 Ex
1691 879 1817 945 hoc
1873 879 1988 944 ille
2043 879 2298 945 animus
2355 879 2427 943 in

399 968 662 1052 proeliis
716 970 982 1052 paratus
1037 967 1119 1031 ad
1169 968 1451 1053 volnera.
1549 966 1776 1033 Adduc
1836 967 1981 1051 pari
2043 968 2260 1033 am’mo
2324 967 2427 1032 in-

296 1074 366 1126 88
403 1055 820 1121 exercitatum
875 1055 1178 1140 militem,
1241 1055 1475 1121 mulier
1536 1055 1873 1121 videbitur.
1973 1053 2104 1123 Cur
2158 1058 2427 1121 tantum

401 1144 670 1208 interest
711 1143 884 1208 inter
926 1165 1166 1209 novum
1211 1146 1280 1207 61
1331 1146 1613 1209 veterem
1672 1143 2051 1228 exercitum,
2105 1147 2427 1229 quantum
2454 1167 2498 1206 ιο

402 1233 650 1315 experti
721 1230 984 1297 sumus?
1100 1230 1304 1296 Aetas
1376 1232 1664 1297 tironum
1724 1232 2103 1316 plerumque
2172 1232 2427 1318 melior,

402 1318 513 1384 sed
584 1319 752 1385 ferre
823 1320 1141 1404 laborem,
1222 1322 1631 1385 contemnere
1714 1320 1949 1386 volnus
2022 1320 2425 1386 consuetudo

402 1407 605 1472 docet.
721 1406 892 1483 Quin
964 1408 1162 1473 etiam
1224 1407 1514 1473 videmus
1586 1429 1665 1472 ex
1736 1408 1873 1474 acie
1945 1408 2157 1473 efferri
2228 1431 2425 1493 saepe

402 1496 651 1560 saucios
669 1546 688 1580 ,
770 1499 837 1560 61
909 1495 1163 1580 quidem
1233 1496 1457 1561 rudem
1528 1496 1716 1560 illum
1790 1500 1857 1561 et
1924 1496 2426 1563 inexercitatum

401 1584 694 1667 quamvis
738 1583 867 1649 levi
912 1584 1046 1650 ictu
1091 1584 1389 1667 ploratus
1433 1583 1847 1668 turpissimos
1894 1584 2108 1669 edere3
2153 1588 2223 1650 at
2267 1607 2423 1651 vero
2454 1606 2498 1648 1⁵

400 1671 513 1735 1116
559 1671 945 1737 exercitatus
992 1675 1060 1737 et
1102 1675 1288 1737 vetus
1337 1672 1418 1737 ob
1457 1693 1725 1757 eamque
1762 1694 1899 1738 rem
1942 1672 2180 1738 fortior
2224 1674 2426 1738 medi-

403 1779 548 1824 cum
596 1759 787 1826 modo
833 1760 1192 1845 requirens,
1239 1782 1278 1823 a
1324 1782 1451 1844 quo
1499 1760 1853 1845 obligeturt

489 1899 544 1965 Ο
589 1900 1050 1986 Patricoles,
1102 1901 1342 1986 inquit,
1399 1900 1489 1966 ad
1548 1903 1677 1967 vos
1737 1900 2152 1967 adveniens
2208 1904 2427 1968 auxi-

1264 1989 1455 2054 lium
1502 1993 1575 2054 et
1623 1991 1927 2055 vestras
1971 2012 2242 2055 manus

487 2075 702 2161 Peto,
738 2077 956 2161 prius
996 2100 1213 2162 quam
1252 2078 1527 2162 oppeto
1566 2078 1843 2142 malam
1878 2082 2172 2162 pestem
2208 2080 2426 2145 man-

1365 2165 1619 2230 datam
1662 2164 1952 2231 hostili
1988 2187 2243 2249 manu,

487 2249 747 2336 Neque
794 2252 1111 2338 sanguis
1146 2252 1306 2317 ullo
1346 2254 1555 2336 potis
1592 2257 1711 2319 est
1743 2257 1975 2337 pacto
2013 2253 2426 2337 profluens
2452 2276 2493 2316 ιο
2582 2268 2584 2335 3

1777 2338 2242 2425 consistere,
2582 2336 2584 2359 ¹

488 2424 565 2493 Si
613 2424 749 2511 qu1'
788 2426 1178 2512 sapientia
1225 2428 1473 2514 magis
1518 2432 1779 2494 vestra
1823 2430 2024 2494 mors
2082 2428 2437 2494 devitari

485 2602 825 2687 Namque
869 2601 1283 2687 Aesculapi
1331 2602 1757 2670 liberorum
1804 2519 2429 2706 saugi‘iotggiplent

482 2776 657 2842 Non
700 2778 915 2862 potis
963 2778 1241 2844 accedi.
1857 2693 2238 2776 P6rtlcus’

296 2984 374 3049 17
398 2934 587 3001 Certe
615 2934 988 3020 Eurypylus
1024 2935 1134 3003 hic
1170 2936 1428 3021 quidem
1466 2941 1584 3004 est.
1650 2936 2001 3003 Hominem
2039 2937 2424 3004 exercitum!

300 3063 369 3113 89
399 3022 528 3089 Ubi
547 3068 554 3073 -
575 3026 830 3088 tantum
875 3022 1086 3089 luctus
1133 3026 1571 3110 continuatur,
1626 3026 1772 3090 vide
1819 3048 2014 3110 quam
2055 3048 2194 3092 non
2237 3026 2425 3091 flebi-
2451 3042 2500 3084 2⁵

397 3112 547 3176 liter
603 3110 1012 3196 respondeat,
1074 3113 1394 3178 rationem
1450 3114 1649 3180 etiam
1707 3112 1983 3200 adferat,
2043 3134 2156 3179 cur
2209 3134 2424 3198 aequo

397 3200 612 3265 animo
660 3198 788 3264 sibi
831 3198 1167 3266 ferendum
1214 3202 1328 3266 sit:

1239 3340 1379 3419 Qui
1427 3342 1659 3408 alteri
1706 3342 2031 3408 exitium
2073 3345 2328 3427 parat,

482 3426 672 3493 Eum
730 3426 927 3496 scire
983 3433 1294 3516 oportet
1350 3428 1505 3496 sibi
1565 3434 1915 3515 paratam
1975 3432 2271 3516 pestem
2330 3434 2423 3495 ut

1492 3519 1917 3603 participet
1960 3540 2234 3603 parem.
