2609 3884
180 795 222 921 αἱ»

261 136 391 201 238
581 138 681 191 DE
716 136 1006 193 FINIBUS
1042 135 1405 191 BONORUM
1438 136 1536 191 ΕΤ
1572 134 1938 190 MALORUM

259 298 498 383 inquit,
544 320 629 363 an
673 299 870 363 etiam
915 302 1033 363 tua
1075 301 1305 382 sponte
1350 320 1709 382 propensus
1756 296 1869 361 es‘?
1938 295 2102 360 Mihi
2138 295 2278 381 qui-

261 387 407 450 dem
442 386 864 467 Antiochum,
910 408 1099 471 quem
1139 386 1349 469 audis,
1388 386 1547 449 satis
1585 385 1756 449 belle
1793 384 2029 449 videris
2066 388 2278 449 atten-

262 475 427 538 dere.
516 475 681 539 Tum
734 475 844 538 ille
897 474 1124 539 timide
1177 475 1281 539 vel
1338 475 1554 557 potius
1618 472 1996 537 verecunde.
2058 471 2277 555 Faci0‚

259 563 500 664 inquit,
565 564 886 647 equidem,
949 562 1062 627 sed
1125 562 1444 626 audistine
1508 563 1701 627 modo
1765 562 1841 625 de
1898 524 2277 625 Carneade?

258 652 482 735 rapior
523 651 708 735 illuc,
753 654 1018 717 revocat
1069 654 1286 715 autem
1331 650 1691 715 Antiochus
1700 699 1719 732 ,
1772 670 1891 713 nec
1946 652 2048 713 est
2087 670 2273 733 prae·
2302 674 2357 717 5

258 744 466 821 terea,
509 762 701 824 quem
752 740 1109 803 audiamus,

391 828 559 891 Tum
602 826 781 892 Piso:
843 827 991 891 Etsi
1043 827 1194 910 hoc,
1254 826 1493 911 inquit,
1537 826 1815 891 fortasse
1858 846 1990 889 non
2031 825 2278 907 poterit

260 916 352 981 sic
407 916 613 999 abire,
667 938 813 979 cum
867 916 974 979 hic
1029 916 1201 979 adsit
1247 913 1380 1000 (me
1426 917 1643 979 autem
1688 912 1998 997 dicebat),
2056 915 2278 976 tamen

259 1003 509 1069 audebo
564 1007 629 1066 te
685 1004 767 1066 ab
823 1003 946 1067 hac
992 1003 1349 1067 Academia
1400 1024 1572 1068 nova
1627 1003 1708 1067 ad
1761 1002 1945 1081 illam
1990 1004 2273 1065 veterem

258 1112 520 1175 vocare,
563 1091 630 1155 in
678 1113 829 1174 qua,
872 1094 949 1155 ut
993 1091 1202 1155 dicere
1240 1090 1635 1155 Antiochum
1672 1090 2004 1172 audiebas,
2045 1110 2181 1153 non
2225 1088 2277 1152 ii
2306 1116 2361 1155 ιο
2427 1162 2431 1167 ,

261 1179 383 1243 soli
427 1182 872 1261 numerantur,
917 1180 1028 1264 qui
1061 1178 1437 1243 Academici
1471 1182 1810 1260 vocantur,
1857 1175 2276 1263 Speusippus,

258 1265 685 1349 XenocrateS,
758 1265 1054 1350 Polem0,
1125 1265 1406 1331 Crantor
1469 1267 1819 1350 ceterique,
1893 1264 2004 1329 sed
2075 1265 2277 1329 etiam

260 1353 675 1437 Peripatetici
703 1358 972 1438 vetereS,
1010 1377 1282 1438 quorum
1308 1355 1611 1437 princeps
1638 1353 2045 1435 AristoteleS,
2083 1373 2278 1453 quem

261 1445 528 1526 excepto
575 1442 848 1506 Platone
893 1442 1067 1505 haud
1103 1443 1236 1507 scio
1275 1464 1361 1506 an
1396 1446 1569 1507 recte
1605 1442 1875 1505 dixerim
1915 1440 2305 1524 principem

260 1530 809 1613 philosophorum.
907 1529 1013 1595 Ad
1076 1552 1186 1595 eos
1241 1531 1445 1615 igitur
1504 1534 1805 1594 converte
1856 1532 1951 1611 te,
2015 1549 2275 1629 quaeso.
2304 1555 2359 1596 15

258 1618 361 1683 Ex
433 1640 655 1682 eorum
733 1619 904 1683 enim
978 1618 1236 1701 scriptis
1310 1622 1377 1682 et
1455 1618 1773 1682 institutis
1845 1638 1991 1681 cum
2063 1617 2275 1680 omnis

259 1706 551 1771 doctrina
603 1706 896 1770 l1beral1s
905 1755 925 1790 ,
989 1707 1197 1771 omnis
1252 1706 1555 1789 historia,
1622 1706 1827 1769 omnis
1882 1725 2090 1768 sermo
2148 1704 2275 1767 ele-

258 1814 422 1879 gans
470 1795 639 1858 sumi
682 1796 924 1878 potest,
977 1797 1116 1858 tum
1170 1796 1451 1858 varietas
1498 1797 1597 1857 est
1649 1797 1837 1857 tanta
1881 1792 2145 1874 artium,
2200 1794 2279 1855 ut

257 1903 448 1947 nemo
497 1882 636 1947 sine
683 1904 758 1946 eo
805 1882 1239 1946 instrumento
1288 1882 1372 1946 ad
1414 1882 1614 1945 ullam
1657 1902 1794 1945 rem
1847 1880 2277 1944 illustriorem

260 1971 420 2033 satis
485 1973 749 2033 ornatus
810 1970 1024 2054 possit
1077 1970 1393 2034 accedere.
1491 1968 1596 2032 Ab
1650 1968 1753 2032 his
1808 1970 2094 2033 oratores
2106 2017 2125 2050 ‚
2187 1967 2271 2031 ab
2302 1994 2359 2033 κο

198 2086 203 2090 ·
257 2057 363 2120 his
425 2057 848 2139 imperatores
905 2079 980 2122 ac
1040 2079 1256 2121 rerum
1319 2057 1721 2157 publicarum
1784 2056 2104 2139 principes
2168 2076 2274 2119 ex·

261 2144 583 2208 stiterunt.
654 2144 748 2209 Ut
785 2145 866 2208 ad
903 2146 1155 2210 minora
1191 2146 1473 2228 veniam,
1518 2144 1978 2227 mathematici,
2022 2146 2278 2243 poetae,

258 2232 518 2315 musici,
591 2233 826 2296 medici
897 2234 1171 2317 denique
1245 2255 1325 2297 ex
1394 2233 1518 2297 hac
1581 2237 1913 2316 tamquam
1984 2231 2276 2295 omnium

263 2320 585 2384 artificum
630 2320 890 2384 officina
934 2321 1211 2403 profecti
1258 2325 1424 2385 sunt.
1497 2320 1742 2404 Atque
1753 2340 1899 2405 ego·
1965 2316 2105 2382 Scis
2153 2340 2277 2402 me,

259 2408 549 2492 inquam,
595 2408 768 2472 istud
812 2408 985 2472 idem
1032 2410 1298 2492 sentire,
1354 2409 1533 2491 Piso,
1590 2408 1701 2472 sed
1748 2430 1787 2471 a
1830 2411 1896 2472 te
1956 2410 2277 2490 oportune
2305 2432 2359 2471 25

257 2496 436 2561 facta
489 2498 731 2560 mentio
789 2500 904 2559 est.
1005 2494 1234 2561 Studet
1287 2497 1458 2561 enim
1510 2517 1692 2561 meus
1749 2495 1968 2559 audire
2028 2493 2279 2578 Cicero,

259 2606 579 2667 quaenam
625 2585 715 2648 sit
755 2584 946 2648 istius
990 2586 1226 2649 veteris
1235 2635 1254 2668 ‚
1310 2606 1502 2669 quam
1558 2605 2052 2664 commemoraS,
2106 2583 2279 2660 Acaf

259 2674 506 2737 demiae
563 2672 639 2735 de
696 2672 934 2735 finibus
988 2672 1308 2738 bonorum
1367 2671 2069 2755 Peripateticorumque
2134 2691 2279 2735 sen-

257 2760 482 2823 tentia.
591 2757 941 2824 Censemus
1005 2763 1219 2824 autem
1281 2760 1590 2824 facillime
1652 2762 1720 2824 te
1790 2759 1883 2822 id'
1930 2758 2279 2842 explanare

259 2868 475 2929 posse,
540 2846 711 2929 quod
766 2851 832 2910 et
877 2847 1173 2912 Staseam
1217 2847 1723 2930 Neapolitanum
1776 2847 2015 2911 multos
2069 2867 2278 2910 annos
2306 2872 2363 2911 so

257 2934 563 2997 habueris
619 2934 791 3016 apud
850 2938 915 2998 te
972 2939 1038 2999 et
1092 2936 1452 3019 complures
1506 2936 1636 2998 iam
1694 2954 1947 2997 menses
1992 2933 2278 2998 Athenis

256 3020 417 3085 haec
462 3022 608 3103 ipsa
651 3026 718 3085 te
757 3044 833 3085 ex
870 3020 1193 3087 Antiocho
1232 3023 1563 3087 videamus
1612 3022 1954 3106 exquirere.
2026 3019 2117 3084 Et
2162 3021 2279 3084 ille

257 3110 501 3172 ridens:
563 3109 733 3193 Age,
782 3130 928 3193 age,
974 3111 1210 3194 inquit,
1261 3108 1451 3195 (satis
1499 3110 1669 3175 enim
1716 3110 1873 3173 scite
1918 3129 2021 3171 me
2065 3110 2281 3173 nostri

259 3198 572 3261 sermonis
638 3197 1029 3280 principium
1094 3220 1234 3262 esse
1297 3197 1591 3283 voluisti)
1662 3218 2057 3281 exponamus
2121 3196 2277 3261 adu-

257 3285 552 3368 lescenti,
599 3284 656 3348 si
704 3306 866 3368 quae
911 3284 1082 3349 forte
1125 3307 1486 3369 possumus.
1574 3284 1710 3349 Dat
1754 3285 1925 3349 enim
1973 3284 2038 3347 id
2082 3284 2278 3348 nobis
2310 3311 2367 3350 35

260 3371 570 3453 solitud0,
619 3371 789 3456 quod
826 3372 884 3436 si
920 3372 1030 3455 qui
1075 3372 1228 3437 deus
1276 3374 1541 3458 diceret,
1585 3394 1938 3457 numquam
1974 3375 2281 3456 putarem

258 3480 360 3522 me
405 3460 476 3524 in
510 3460 859 3524 Academia
894 3463 1226 3545 tamquam
1271 3462 1735 3545 philosophum
1782 3461 2281 3544 disputaturum.

2540 1942 2587 2027 A.
2582 1772 2587 1927 --
2584 1688 2587 1757 ἐ-.
