2609 3884
351 157 436 224 88
1127 151 1586 210 FRAGMENTA

350 320 601 386 libidine
650 318 963 402 impulsus
1008 320 1120 381 aut
1162 335 1366 380 errore
1419 315 1694 416 deceptus
1736 319 1850 378 aut
1898 315 1964 379 vi
2004 318 2244 380 coactus
2285 315 2374 379 ad

347 408 690 474 iniustitiae
721 407 889 471 viam
926 405 1139 488 lapsus
1172 408 1290 481 est‚·
1316 407 1518 485 potest
1550 403 1715 467 enim
1749 403 1957 468 reduci
1990 422 2065 466 ac
2101 402 2372 486 liberari,

347 498 406 562 si
449 516 587 562 eum
617 495 938 578 paeniteat
977 496 1255 558 actorum
1297 495 1358 556 et
1407 491 1494 556 ad
1545 491 1806 555 meliora
1848 510 2168 556 conversus
2213 492 2369 560 satis

348 586 454 650 deo
508 585 739 686 faciat,
794 582 961 664 quod
1006 580 1149 664 fieri
1198 599 1380 662 posse
1432 576 1640 644 Cicero
1691 598 1818 644 non
1863 579 2133 680 putavit,
2193 580 2370 643 cuius

346 672 493 738 haec
550 673 621 736 in
673 670 1039 737 Academico
1094 672 1269 734 tertio
1311 668 1493 732 verba
1543 671 1722 732 sunt:
1798 665 1984 742 Quod
2029 667 2084 730 si
2127 665 2368 746 liceret,
2395 690 2428 732 ⁵

350 764 424 826 ut
474 760 585 844 iis,
641 759 751 844 qui
795 758 865 822 in
908 757 1140 822 itinere
1185 754 1684 838 deerravissent,
1730 755 1821 819 sio
1865 755 2070 819 vitam
2115 753 2370 819 deviam

352 851 606 914 secutos
670 846 991 946 corrigere
1058 864 1341 909 errorem
1401 841 1815 927 paenitendo,
1872 841 2126 907 facilior
2197 845 2372 908 esset

351 935 714 1001 emendatio
759 933 1163 998 temeritatis,

486 1041 587 1104 17.
622 1039 949 1106 Diomedes
982 1059 1052 1119 p.
1096 1039 1372 1104 377.12
1449 1036 1615 1101 Keil.
1662 1035 1862 1101 Varro
1905 1036 1993 1101 ad
2026 1035 2372 1102 Ciceronem

350 1130 529 1194 tertio
581 1128 781 1192 fixum
834 1131 892 1192 et
943 1124 1151 1194 Cicero
1202 1124 1712 1190 Academicorum
1774 1124 1949 1189 tertio
2009 1126 2054 1206 †
2115 1123 2372 1190 malcho
2402 1149 2506 1190 ιο·
2599 1163 2601 1218 ᾗ

349 1216 422 1281 111
467 1236 667 1300 opera
711 1214 939 1280 adfixa.

907 1385 1290 1442 LIBRORUM
1324 1383 1824 1440 INCERTORUM.

490 1515 590 1580 18.
634 1514 918 1579 Lactant.
960 1513 1105 1578 inst.
1150 1511 1284 1577 III
1318 1514 1419 1576 14.
1464 1512 1547 1575 15
1621 1511 1747 1576 Tui
1788 1529 1925 1593 eryo
1972 1515 2028 1577 te
2081 1510 2228 1580 libri
2271 1531 2373 1575 ar-

346 1607 572 1685 guunt,
616 1622 804 1684 quam
845 1600 1008 1666 nihil
1050 1619 1094 1664 a
1132 1597 1529 1682 philosophia
1562 1600 1736 1666 disci
1774 1600 1978 1681 possit
2025 1599 2112 1664 ad
2161 1600 2372 1663 vitam.

352 1690 529 1756 Haec
586 1695 696 1754 tua
737 1689 920 1754 verba
961 1692 1139 1754 sunt:
1210 1686 1378 1752 Mihi
1433 1690 1651 1751 autem
1704 1708 1840 1752 non
1893 1686 2086 1752 modo
2143 1687 2227 1751 ad
2271 1709 2374 1751 sa·
2404 1713 2460 1752 15

351 1778 663 1862 pientiam
708 1778 881 1843 caeci
924 1776 1239 1859 videmur,
1295 1774 1409 1839 sed
1455 1775 1536 1840 ad
1583 1795 1658 1840 ea
1711 1775 1877 1858 ipsa,
1933 1795 2096 1858 quae
2155 1774 2375 1858 aliqua

356 1888 434 1931 ex
474 1869 662 1950 parte
707 1865 881 1930 cerni
923 1864 1291 1946 videantur,
1335 1862 1600 1926 hebetes
1647 1866 1713 1927 et
1758 1862 1994 1927 obtusi.

492 1971 592 2035 19.
635 1970 970 2053 Anqustin.
1005 1987 1053 2033 c.
1090 1968 1488 2034 Academicos
1520 1967 1615 2033 II
1639 1971 1736 2033 11.
1757 1972 1864 2034 26
1910 1966 2124 2052 Talia,
2167 1969 2378 2051 inquit

354 2059 790 2137 Academicus,
835 2056 998 2120 mihi
1035 2055 1333 2120 videntur
1369 2055 1612 2139 omnia,
1659 2077 1822 2139 quae
1858 2055 2222 2139 probabilia
2268 2057 2373 2121 vel

356 2146 491 2211 veri
528 2145 768 2210 similia
801 2143 1028 2228 putavi
1064 2143 1486 2226 nominanda3
1531 2164 1695 2228 quae
1739 2148 1814 2208 tu
1851 2143 1908 2207 si
1945 2143 2074 2208 alio
2111 2144 2373 2209 nomine
2401 2169 2461 2208 πο

355 2234 455 2298 vis
501 2254 756 2315 vocare,
800 2254 935 2297 non
976 2251 1297 2316 repugn03
1350 2193 1510 2296 sati’s
1558 2231 1730 2296 enim
1776 2231 1939 2296 mihi
1984 2235 2085 2295 est
2127 2235 2196 2296 te
2239 2233 2372 2296 iam

355 2320 518 2385 bene
565 2320 913 2404 accepisse,
958 2319 1121 2403 quid
1156 2319 1394 2403 dicam,
1438 2319 1506 2384 id
1552 2323 1652 2384 est
1696 2319 1928 2402 quibus
1974 2319 2165 2384 rebus
2210 2318 2374 2386 haee

355 2409 619 2474 nomina
690 2410 1050 2492 imponam;
1112 2429 1246 2472 non
1308 2408 1480 2499 enim
1538 2406 1996 2473 vocabulorum
2059 2407 2381 2492 opificem,

358 2497 471 2563 sed
515 2518 732 2562 rerum
776 2497 1231 2580 inquisitorem
1277 2483 1458 2560 de'oet
1503 2516 1646 2560 esse
1693 2495 2072 2578 sapientem.

492 2603 597 2668 20.
641 2602 904 2686 Auyust.
948 2622 995 2666 c.
1040 2601 1235 2667 Acad.
1289 2600 1423 2666 III
1472 2602 1666 2666 215
1717 2619 1805 2682 sq.
1900 2600 2025 2666 Est
2073 2601 2146 2666 in
2199 2601 2376 2668 libris
2404 2627 2458 2668 25

359 2691 694 2774 Ciceronis,
765 2709 915 2773 quos
980 2691 1050 2754 in
1110 2689 1297 2755 huius
1359 2709 1580 2755 causae
1629 2689 2053 2770 patrocinium
2112 2690 2377 2771 scripsit,

360 2781 524 2845 locus
557 2779 837 2860 quidam,
880 2782 954 2842 ut
984 2777 1142 2842 mihi
1175 2778 1443 2860 videtur,
1487 2777 1655 2842 mira
1695 2777 2046 2841 urbanitate
2080 2778 2376 2860 conditus,

356 2872 430 2931 ut
460 2887 587 2930 non
621 2866 815 2930 nullis
857 2869 1088 2942 autem,
1132 2866 1320 2930 etiam
1352 2865 1646 2947 firmitate
1688 2864 2024 2929 roboratus.
2098 2863 2378 2946 Difficile

358 2959 448 3020 est
475 2972 765 3036 prorsus,
808 2957 881 3017 ut
918 2972 1285 3034 quemquam
1327 2972 1455 3017 non
1497 2956 1755 3034 moveat,
1813 2952 1976 3034 quod
2014 2952 2104 3016 ibi
2147 2953 2378 3018 dictum

358 3046 463 3119 est,
490 3039 879 3105 Academico
908 3038 1188 3122 sapienti
1217 3039 1298 3103 ab
1329 3038 1628 3103 omnibus
1659 3043 2016 3105 ceterarum
2036 3043 2377 3123 sectarum,
2405 3065 2462 3108 so

360 3129 471 3213 qui
508 3127 635 3192 sibi
673 3127 1000 3210 sapientes
1040 3125 1367 3208 videntur,
1413 3127 1722 3192 secundas
1757 3131 1979 3211 partes
2017 3127 2182 3212 dari,
2229 3149 2379 3194 oum

358 3218 605 3301 primas
663 3214 791 3280 sibi
845 3235 1160 3298 quemque
1214 3214 1539 3279 vindicare
1604 3236 1866 3281 necesse
1932 3216 2043 3300 sit3
2108 3237 2185 3280 ex
2249 3238 2398 3301 quo.

357 3326 550 3388 posse
594 3302 1025 3387 probabiliter
1070 3301 1300 3367 confici
1346 3324 1494 3368 eum
1537 3306 1711 3368 reete
1754 3303 2038 3387 primum
2074 3325 2215 3369 esse
2262 3326 2379 3370 suo

358 3392 623 3474 iudicio,
680 3391 791 3474 qui
847 3391 1139 3455 omnium
1194 3394 1556 3457 ceterorum
1608 3390 1843 3455 iudicio
1901 3391 1988 3456 sit
2025 3391 2380 3457 secundus,

358 3477 490 3545 Fae
563 3479 736 3544 enim
808 3477 988 3543 verbi
1060 3493 1266 3544 eausa·
1329 3476 1617 3544 Stoicum
1691 3478 1917 3543 adesse
1991 3479 2381 3565 sapientem3
2410 3505 2466 3546 35
