2609 3884
371 167 500 230 318
764 114 1363 218 TuchLANARUM
1396 160 2005 219 DISPUTATIONUM

372 328 430 393 si
472 349 647 394 mors
695 326 938 391 malum
986 325 1097 407 sit,
1154 345 1296 389 esse
1350 325 1817 407 sempiternum
1870 325 2131 389 malum.
2218 324 2397 391 Nam

369 416 542 481 vitae
609 415 881 479 miserae
945 415 1120 480 mors
1184 414 1331 477 finis
1400 434 1539 478 esse
1602 413 1881 497 videtur;
1945 435 2121 478 mors
2176 415 2237 478 si
2294 418 2399 478 est

291 560 296 565 .
374 506 640 588 misera,
684 503 833 567 finis
880 522 1020 566 esse
1061 501 1282 567 nullus
1326 505 1565 585 potest.
1638 499 1764 567 Sed
1810 502 1959 585 quid
2007 522 2127 587 ego
2167 499 2397 567 Socra·

370 596 504 657 tem
569 594 684 656 aut
741 590 1233 673 Theramenem,
1301 590 1695 673 praestantis
1758 590 1934 656 viros
1998 590 2261 655 virtutis
2328 594 2399 655 et

329 732 346 750 ,
371 680 728 764 sapientiae
793 678 1028 764 gloria,
1092 677 1573 744 commemoro?
1638 700 1783 743 cum
1845 678 2397 743 Lacedaemonius
2420 702 2448 742 ⁵
2571 714 2572 717 ¹

372 769 663 853 quidam,
718 769 897 833 0111118
950 788 1034 832 ne
1076 787 1318 832 nomen
1364 766 1623 850 quidem
1668 765 2003 851 proditum
2049 769 2175 850 est,
2225 787 2397 831 mor-

368 861 503 921 tem
538 859 882 940 tantopere
918 854 1397 939 contempserit,
1433 858 1523 939 ut,
1571 876 1715 919 cum
1753 855 1837 921 ad
1875 877 2018 920 eam
2056 854 2399 919 duceretur

371 945 711 1010 damnatus
751 944 833 1009 ab
879 942 1142 1026 ephoris
1175 946 1242 1007 et
1276 946 1452 1008 esset
1495 943 1681 1008 voltu
1724 942 1921 1007 hilari
1962 946 2156 1028 atque
2199 943 2401 1028 laete,

372 1034 764 1116 dixissetque
803 1031 863 1096 ei
899 1030 1158 1115 quidam
1194 1030 1520 1096 inimicus:
1559 1030 2137 1097 ‘contemnisne
2174 1031 2398 1115 leges

370 1118 811 1205 Lycurgi?',
854 1118 1286 1202 responderit:
1350 1117 1544 1205 ‘Ego
1589 1141 1770 1185 vero
1817 1120 1942 1185 illi
1986 1120 2472 1184 maximarum

373 1208 710 1294 gratiam
767 1206 1042 1291 habeo,
1101 1207 1232 1291 qui
1291 1230 1402 1272 me
1464 1229 1549 1273 ea
1607 1229 1855 1292 poena
1915 1207 2401 1291 multaverit,

373 1318 594 1381 quam
641 1296 804 1360 sine
849 1295 1334 1361 mutuatione
1378 1299 1455 1360 et
1501 1296 1665 1361 sine
1711 1318 2033 1362 versura
2089 1317 2403 1379 possem

376 1383 845 1449 dissolvere?
936 1382 990 1449 Ο
1038 1384 1246 1449 virum
1293 1381 1531 1467 Sparta
1576 1384 1870 1469 dignum!
1925 1387 2003 1449 ut
2045 1384 2207 1449 mihi
2256 1385 2401 1469 qui-

317 1472 543 1558 (10111,
589 1473 700 1557 qui
735 1476 874 1537 tam
910 1491 1152 1557 magno
1190 1472 1409 1538 animo
1443 1472 1668 1557 fuerit,
1704 1473 2011 1538 innocens
2049 1473 2401 1537 damnatus

267 1574 366 1625 101
416 1583 556 1627 0880
627 1560 937 1626 videatur.
1043 1560 1222 1625 Talis
1291 1560 1785 1626 innumerabilis
1861 1562 2088 1626 nostra
2162 1560 2403 1626 civitas
2429 1584 2471 1623 ιε

369 1651 542 1715 tulit.
647 1648 775 1716 Sed
836 1647 992 1733 quid
1055 1648 1244 1714 duces
1310 1651 1377 1713 et
1434 1649 1761 1734 principes
1823 1648 2183 1733 nominem,
2248 1670 2405 1713 cum

371 1739 660 1823 legiones
701 1737 946 1803 scribat
981 1734 1144 1801 Cato
1183 1757 1373 1819 saepe
1420 1737 1653 1801 alacris
1690 1737 1761 1801 in
1796 1758 1941 1801 eum
1986 1735 2203 1801 locum
2249 1758 2405 1821 pro-

369 1826 604 1909 fectas,
668 1827 837 1891 unde
899 1824 1220 1889 redituras
1287 1846 1356 1888 se
1418 1846 1551 1890 non
1615 1824 2127 1890 arbitrarentur?
2244 1824 2406 1889 Pari

371 1916 590 1980 animo
654 1912 1149 1978 Lacedaemonii
1211 1912 1282 1977 in
1346 1912 1797 1997 Thermopylis
1858 1912 2265 1997 occiderunt,
2330 1914 2407 1977 in

372 2025 534 2087 quos
584 2000 976 2067 Simonides:
2428 2025 2471 2064 11

502 2123 675 2208 Dic,
745 2124 1054 2208 1108Ρο8,
1127 2120 1453 2208 Spartae
1523 2145 1661 2188 nos
1746 2128 1822 2189 te
1903 2123 2029 2189 hic
2099 2123 2405 2189 vidisse

1857 2211 2221 2301 iacentis,

591 2298 786 2364 Dum
833 2300 1126 2365 sanctis
1172 2301 1477 2383 patriae
1522 2301 1829 2385 legibus
1881 2262 2409 2384 obsequimur.

375 2440 573 2523 [Quid
645 2441 756 2506 ille
829 2441 959 2505 dux
1027 2438 1345 2505 Leonidas
1419 2440 1622 2505 dicit?
1732 2440 2075 2525 ‘Pergite
2139 2442 2407 2507 animo

369 2530 590 2615 forti,
651 2529 1272 2611 Lacedaemonii3
1335 2528 1562 2593 hodie
1627 2527 1822 2613 apud
1884 2528 2179 2594 inferos
2242 2528 2409 2593 for-

370 2622 581 2684 tasse
638 2614 1118 2683 cenabimus?
1207 2578 1363 2681 Fuit
1406 2616 1566 2681 haec
1612 2637 1770 2701 gens
1814 2614 2030 2701 fortis,
2077 2616 2233 2681 dum
2278 2616 2411 2701 Ly·
2436 2644 2485 2683 25

375 2708 556 2793 curgi
609 2708 788 2792 leges
848 2705 1201 2791 vigebant]
1308 2704 1367 2769 E
1426 2705 1709 2790 quibus
1714 2727 1907 2787 unus,
1966 2726 2113 2770 cum
2166 2704 2409 2771 Perses

372 2795 584 2859 hostis
640 2795 710 2859 in
764 2794 1106 2879 conloquio
1161 2792 1427 2857 dixisset
1490 2794 1811 2878 gloriam.
1876 2789 2161 2858 S‘olem
2216 2814 2409 2876 prae

373 2882 804 2948 iaculorum
841 2881 1341 2947 multitudine
1379 2884 1456 2945 et
1492 2882 1960 2997 sagittarum
1996 2901 2147 2946 non
2188 2880 2410 2947 vide-

374 2968 605 3035 bitis'
616 3020 635 3055 ,
682 2969 802 3035 ‘In
845 2969 1112 3034 umbra
1154 2967 1463 3054 igitur',
1519 2969 1760 3054 inquit,
1808 2966 2410 3053 ‘pugnabimus’

271 3071 372 3121 102
418 3057 615 3125 Viros
682 3078 1143 3160 commemor03
1208 3057 1422 3141 qualis
1485 3057 1749 3122 tandem
1822 3055 2161 3122 Lacaena?
2238 3079 2409 3141 quae
2434 3082 2479 3121 so
2571 3100 2572 3135 3

374 3168 520 3212 cum
556 3146 762 3213 filium
797 3146 869 3209 in
894 3144 1216 3229 proelium
1243 3145 1527 3210 misisset
1553 3148 1621 3209 et
1654 3144 2065 3209 interfectum
2094 3144 2411 3229 audisset,

375 3232 766 3317 Ἰ(101100’,
819 3232 1058 3318 inquit,
1115 3230 1589 3317 ‘genueram,
1646 3236 1732 3298 ut
1782 3235 2017 3315 esset,
2070 3231 2203 3316 qui
2267 3254 2408 3318 pro

374 3322 634 3406 patria
677 3322 1001 3385 mortem
1042 3342 1189 3385 non
1237 3320 1635 3386 dubitaret
1680 3319 2221 3387 occumbere’..

271 3415 356 3479 43
508 3407 672 3472 Esto
681 3457 700 3491 ,
761 3406 964 3474 fortes
1029 3411 1096 3473 et
1160 3407 1302 3472 duri
1368 3407 1764 3492 Spartiatae3
1827 3429 2137 3493 magnam
2201 3408 2412 3475 habet
2571 3482 2572 3495 χ

374 3497 508 3561 vim
551 3494 646 3559 rei
688 3495 986 3579 publicae
1033 3495 1394 3578 disciplina.
1468 3495 1676 3572 Quid?
1750 3495 2147 3581 Cyrenaeum
2195 3496 2406 3563 Theo·
2434 3517 2479 3559 ³5
2571 3500 2572 3575 Ξ
