2609 3884
407 164 412 169 ’
442 163 573 229 366
835 159 1433 217 TUSCULANARUM
1466 158 2071 217 DISPUTATIONUM

443 324 769 409 existim03
829 328 1045 389 taetra
1105 322 1277 388 enim
1339 344 1441 389 res
1506 325 1631 407 est,
1702 322 1966 406 misera,
2036 320 2462 401 detestabilis,
2566 364 2569 375 ·

443 414 622 477 omni
675 413 1114 495 contentione,
1167 411 1327 476 velis
1334 461 1355 496 ,
1407 414 1483 475 ut
1537 410 1632 475 ita
1686 410 1923 495 dicam,
1984 410 2309 494 remisque
2366 410 2465 475 fu·

337 479 425 609 ἐξ
444 500 696 585 gienda.
788 499 1014 577 Qualis
1059 499 1233 564 enim
1281 499 1406 563 tibi
1450 498 1562 563 ine
1607 498 1861 564 videtur

532 614 866 680 Tantalo
910 614 1370 699 prognatus,
1412 611 1693 696 Pelope
1736 613 1993 696 natue,
2038 613 2165 698 qui
2217 634 2466 698 quon·
2567 612 2568 663 i

1759 699 1928 764 dam
1974 701 2013 764 a
2058 721 2283 766 soeru

533 790 915 857 Oenomao
950 808 1131 873 rege
1167 786 1769 873 Hippodameam
1806 788 2513 961 rapltiisprggrsigtusts

442 1002 617 1067 Iovis
679 1002 802 1066 iste
866 999 1129 1085 quidem
1189 1020 1531 1083 pronepos.
1638 998 1883 1064 Tamne
1947 1019 2101 1084 ergo
2166 998 2469 1066 abiectus

441 1093 702 1173 tamque
745 1088 988 1153 fractus
1001 1085 1036 1152 ⁶?

529 1200 823 1286 Noh'te,
884 1202 1125 1287 inquit,
1185 1201 1545 1287 hospites
1610 1202 1701 1267 ad
1757 1222 1867 1266 me
1921 1200 2204 1309 “df¹]³!.
2264 1200 2471 1269 Ilieo

529 1375 639 1443 Ne
684 1379 1049 1464 contagio
1095 1401 1258 1444 mea
1300 1376 1524 1444 bom's
1570 1379 1931 1443 umbrave
1976 1292 2285 1442 oblssiitfo’

533 1514 551 1533 .
591 1516 609 1533 .
653 1469 874 1534 tanta
916 1466 1034 1535 vis
1079 1467 1399 1533 sceleris
1444 1468 1522 1531 in
1565 1487 1885 1550 corpore
1930 1465 2215 1531 haeret.
2494 1492 2527 1531 ιο

441 1589 540 1655 Tu
576 1593 660 1669 te,
693 1589 1002 1674 Thyesta,
1046 1589 1383 1656 damnabis
1422 1589 1809 1674 orbabisque
1845 1589 1987 1654 luee
2025 1590 2298 1673 propter
2333 1592 2467 1656 vim

444 1678 703 1744 sceleris
749 1677 990 1743 alieni?
1074 1677 1284 1754 Quid?
1322 1678 1505 1741 illum
1542 1677 1749 1742 filium
1785 1674 1956 1743 Solis
1990 1697 2205 1741 nonne
2250 1680 2466 1762 patris

442 1766 646 1849 ipsius
691 1766 836 1831 luce
878 1766 1217 1850 indignum
1261 1763 1502 1850 putas?

529 1868 911 1955 Refugere
957 1868 1188 1951 oculi,
1233 1872 1511 1953 eorpus
1556 1870 1794 1935 maeie
1840 1870 2221 1955 extabuit,

531 1956 924 2022 Lacrimae'
964 1957 1326 2042 peredere
1369 1962 1628 2023 umore
1674 1955 2085 2042 exsanguis
2130 1978 2409 2045 genas,
2488 1981 2524 2021 ιε

533 2043 780 2110 Situm
821 2042 1025 2109 inter
1070 2045 1228 2109 oris
1273 2045 1514 2111 barba
1556 2044 1888 2131 paedore
1932 2046 2250 2112 horrida

531 2130 853 2197 Intonsa
895 2132 1238 2197 infuscat
1280 2134 1543 2217 peetus
1588 2133 1885 2198 inluvie
1928 2134 2305 2199 scabrum.

443 2253 624 2320 Haec
675 2253 874 2339 mala,
927 2277 968 2320 o
1023 2253 1407 2320 stultissime
1460 2254 1695 2339 Aeeta,
1746 2254 1885 2339 ipse
1937 2255 2064 2321 tibi
2122 2255 2467 2343 addidisti3

441 2364 577 2407 non
617 2340 878 2406 inerant
919 2341 990 2407 in
1033 2343 1144 2428 iis,
1188 2364 1355 2427 quae
1400 2342 1526 2408 tibi
1570 2364 1758 2409 casus
1801 2344 2155 2426 invexerat,
2206 2349 2277 2409 et
2370 2347 2467 2413 ui·

445 2430 592 2495 dem
626 2428 986 2496 inveterato
1022 2430 1223 2515 male,
1269 2452 1417 2496 eum
1450 2435 1671 2497 tumor
1706 2430 1905 2496 animi
1943 2432 2293 2497 resedisset
2368 2437 2471 2499 est
2489 2458 2524 2498 ιο

445 2520 662 2583 autem
699 2518 1064 2603 aegritudo,
1108 2521 1182 2583 ut
1218 2518 1487 2603 docebo,
1522 2519 1591 2583 in
1629 2518 1929 2603 opinione
1964 2518 2123 2585 mali
2156 2520 2469 2607 reeenti);

445 2605 560 2671 sed
604 2626 850 2671 maeres
894 2606 1198 2672 videlieet
1232 2606 1417 2692 regni
1455 2606 1797 2692 desiderio,
1838 2627 1973 2672 non
2006 2607 2197 2673 filiae.
2268 2606 2470 2675 Elam
2567 2614 2568 2663 ἶ

445 2693 618 2759 enim
655 2694 884 2760 oderas
892 2744 911 2779 ,
957 2698 1022 2759 et
1057 2694 1196 2760 iure
1231 2694 1538 2779 fortasse3
1583 2714 1786 2779 regno
1826 2716 1961 2761 non
1999 2716 2203 2781 aequo
2240 2698 2468 2763 animo

446 2782 730 2847 carebas.
816 2780 942 2848 Est
988 2785 1205 2847 autem
1244 2781 1563 2867 inpudens
1607 2782 1821 2848 luctus
1858 2804 2145 2848 maerore
2192 2803 2262 2849 se
2313 2805 2467 2850 eon·
2567 2796 2568 2845 ξ

338 2887 406 2938 27
443 2858 746 2953 finientis,
791 2870 964 2954 quod
1008 2870 1329 2954 imperare
1371 2891 1506 2935 non
1548 2870 1745 2935 lieeat
1787 2870 2025 2936 liberis.
2097 2869 2467 2955 Dionysius
2488 2894 2523 2935 ιε
2567 2890 2568 2895 ’

444 2954 701 3039 quidem
754 2960 1068 3041 tyrannus
1125 2956 1465 3041 Syracusis
1520 2958 1825 3042 expulsus
1872 2956 2169 3023 Corinthi
2221 2980 2467 3042 pueros

443 3041 741 3128 docebat3
800 3066 1005 3129 usque
1049 3065 1126 3110 eo
1170 3046 1445 3129 imperio
1493 3066 1708 3110 carere
1751 3067 1885 3111 non
1935 3047 2212 3129 poterat.
2307 3046 2469 3112 Tar-
2567 3058 2568 3061 ’

442 3130 664 3214 quinio
701 3153 852 3197 vero
890 3131 1044 3216 quid
1086 3132 1527 3218 inpudentius,
1571 3134 1683 3218 qui
1728 3134 1971 3198 bellum
2012 3136 2267 3217 gereret
2316 3156 2467 3200 eum

441 3217 522 3318 iis
533 3268 552 3301 ,
597 3217 710 3303 qui
754 3219 892 3283 eius
928 3240 1061 3285 non
1101 3221 1391 3321 tulerant
1426 3220 1837 3307 superbiam?
1905 3220 1972 3285 Is
2008 3242 2154 3286 eum
2198 3222 2466 3287 restitui
2563 3262 2568 3297 4

442 3325 1010 3492 asigeffiubnugg
1062 3305 1438 3459 {3333
1474 3308 2293 3482 godilggzuupoffilnuearffis
2300 3332 2466 3463 uflsse
2486 3333 2525 3372 ω

445 3497 622 3543 senio
669 3481 736 3542 et
773 3479 1182 3564 ,aegritudine
1227 3502 1368 3546 esne
1414 3482 1761 3552 confectus.
2567 3488 2568 3515 ³
