2609 3884
413 182 499 247 70
921 177 1506 233 ACADEMICORUM
1540 178 1872 233 PRIORUM

405 364 642 407 remus.
721 339 874 405 Non
917 340 1222 420 facimus3
1266 361 1419 403 nam
1462 342 1599 403 tam
1643 361 1797 403 vera·
1842 361 2035 424 quam
2078 338 2251 403 falsa
2296 359 2432 403 cer-

407 431 644 497 nimus.
728 426 854 493 Sed
898 427 1220 513 probandi
1267 427 1513 510 species
1560 430 1677 512 est,
1721 427 2118 512 percipiendi
2164 428 2431 511 signum

302 563 391 628 35
408 519 659 583 nullum
704 515 1037 581 habemuS.

306 655 407 704 112
542 607 642 669 Ac
703 604 868 669 mihi
935 603 1160 668 videor
1218 603 1413 667 nimis
1478 604 1673 667 etiam
1734 624 1907 668 nunc
1950 624 2141 687 agere
2198 604 2434 669 ieiune.

456 691 619 758 Cum
693 693 781 757 sit
845 692 1017 757 enim
1089 712 1383 775 campus,
1456 690 1526 754 in
1608 712 1733 775 quo
1814 692 2138 755 exsultare
2217 694 2437 775 possit
2462 714 2486 753 5

411 782 651 864 orati0,
724 801 836 844 cur
903 801 1046 843 eam
1108 781 1329 843 tantas
1400 778 1473 842 in
1534 779 1869 863 angustias
1934 783 1999 843 et
2062 776 2437 845 Stoicorum

413 870 676 934 dumeta
729 866 1219 950 compellimus?
1335 865 1404 930 Si
1461 866 1630 931 enim
1688 866 1851 931 mihi
1904 889 2049 932 cum
2104 865 2438 950 Peripate-

409 958 543 1021 tico
606 976 708 1021 res
773 959 970 1039 esset,
1046 954 1158 1039 qui
1227 954 1295 1019 id
1358 955 1603 1038 percipi
1664 977 1854 1037 posse
1917 955 2182 1038 diceret,
2260 955 2437 1038 quod

408 1046 797 1127 impressum
843 1046 1014 1109 esset
1051 1066 1090 1107 a
1115 1063 1288 1126 vero,
1334 1064 1541 1125 neque
1588 1042 1853 1107 adderet
1894 1043 2077 1107 illam
2120 1062 2439 1126 magnam

413 1132 876 1196 accessionem:
924 1130 1074 1215 ‘quo
1121 1129 1313 1195 modo
1359 1131 1647 1213 imprimi
1690 1153 1824 1196 non
1866 1133 2090 1214 posset
2135 1152 2176 1195 a
2218 1130 2435 1216 falso,’
2464 1155 2511 1193 ιο

415 1241 562 1284 cum
609 1220 889 1303 simplici
950 1219 1212 1284 homine
1261 1219 1643 1301 simpliciter
1698 1239 1957 1304 agerem
2008 1240 2128 1284 nec
2188 1240 2434 1305 magno

414 1328 606 1391 opere
654 1308 1102 1371 contenderem
1149 1310 1343 1390 atque
1390 1307 1605 1391 etiam,
1651 1308 1723 1389 si,
1769 1329 1915 1372 cum
1961 1326 2079 1390 ego
2129 1308 2298 1372 nihil
2343 1308 2435 1372 di-

415 1416 624 1459 cerem
669 1417 858 1478 posse
905 1395 1302 1479 comprendi,
1364 1395 1602 1459 diceret
1654 1396 1767 1460 ille
1815 1396 2177 1479 sapientem
2234 1396 2435 1460 inter·

415 1484 568 1547 dum
596 1484 866 1567 opinari,
909 1504 1043 1547 non
1084 1502 1534 1567 repugnarem,
1577 1484 1965 1567 praesertim
1990 1505 2073 1547 ne
2101 1480 2437 1548 Carneade

414 1570 673 1655 quidem
719 1570 870 1634 huic
915 1571 1060 1635 loco
1088 1572 1274 1636 valde
1310 1575 1727 1655 repugnante.
1788 1570 1978 1637 Nunc
2025 1572 2178 1655 quid
2220 1572 2435 1637 facere
2462 1592 2507 1633 ιε»

307 1686 411 1735 113
456 1659 765 1743 possum?
860 1657 1108 1733 Quaero
1167 1659 1367 1742 enim,
1433 1660 1584 1743 quid
1643 1660 1756 1741 sit,
1820 1659 1991 1744 quod
2057 1660 2435 1744 comprendi

412 1746 640 1831 possit.
743 1746 1119 1829 Respondet
1181 1746 1345 1811 mihi
1404 1769 1535 1811 non
1598 1748 1985 1813 Aristoteles
2050 1752 2165 1812 aut
2226 1748 2435 1814 Theo·

412 1834 746 1917 phrastus,
790 1855 873 1897 ne
917 1832 1317 1899 Xenocrates
1364 1826 1622 1917 quidem
1668 1839 1783 1900 aut
1824 1835 2109 1919 Polemo,
2168 1836 2285 1901 sed
2330 1837 2433 1902 his

413 1922 723 1986 minores:
782 1920 944 1986 ‘tale
989 1944 1240 2005 verum,
1286 1923 1475 2005 quale
1518 1922 1757 1987 falsum
1804 1945 1945 1989 esse
1990 1945 2125 1990 non
2169 1923 2435 2007 possit.'

412 2008 600 2075 Nihil
655 2008 794 2073 eius
853 2010 1030 2075 modi
1089 2009 1370 2075 invenio.
1456 2010 1685 2094 Itaque
1746 2011 2078 2097 incognito
2122 2011 2436 2077 nimirum
2460 2032 2505 2071 πο

417 2095 768 2180 adsentiar,
827 2096 894 2160 id
940 2100 1041 2161 est
1083 2097 1419 2181 opinabor.
1508 2097 1651 2163 Hoc
1695 2099 1857 2164 mihi
1902 2103 1967 2163 et
2008 2098 2437 2183 Peripatetici

415 2187 484 2247 et
526 2186 712 2247 vetus
757 2184 1108 2263 Academia
1163 2186 1483 2269 concedit,
1546 2208 1662 2251 vos
1720 2187 2003 2272 negatis,
2066 2187 2434 2253 Antiochus

413 2270 483 2335 in
526 2270 781 2355 primis,
840 2274 952 2356 qui
1017 2296 1117 2338 me
1161 2274 1352 2338 valde
1397 2277 1639 2357 movet,
1696 2276 1799 2339 vel
1844 2276 2013 2358 quod
2057 2276 2277 2341 amavi
2324 2276 2437 2341 ho-

415 2357 676 2442 minem,
713 2360 884 2425 sicut
925 2361 1038 2427 ille
1066 2383 1190 2443 me,
1236 2363 1343 2426 vel
1371 2362 1542 2447 quod
1574 2362 1670 2427 ita
1695 2362 1926 2439 iudico,
1960 2363 2435 2446 politissimum

413 2450 482 2510 et
539 2448 987 2513 acutissimum
1047 2450 1340 2514 omnium
1404 2454 1665 2516 nostrae
1726 2451 2078 2515 memoriae
2141 2452 2433 2536 philoso-
2460 2471 2505 2511 25

411 2534 705 2619 phorum.
796 2537 856 2600 A
905 2559 1029 2620 quo
1089 2537 1371 2621 primum
1418 2560 1681 2623 quaero,
1745 2561 1871 2622 quo
1928 2540 2193 2604 tandem
2237 2542 2431 2606 modo

413 2623 504 2688 sit
531 2624 666 2688 eius
697 2624 1107 2708 Academiae,
1153 2626 1333 2690 cuius
1372 2648 1510 2691 esse
1549 2648 1617 2691 se
1660 2627 2062 2710 profiteatur.
2122 2627 2219 2693 Ut
2246 2630 2435 2693 omit·

411 2713 551 2773 tam
608 2712 765 2795 alia,
828 2712 988 2777 haec
1034 2714 1159 2778 duo
1170 2763 1187 2796 ,
1234 2714 1312 2777 de
1360 2714 1591 2798 quibus
1640 2714 1884 2799 agitur,
1932 2716 2075 2799 quis
2120 2738 2434 2800 umquam

417 2797 580 2861 dixit
625 2802 738 2863 aut
781 2800 1018 2865 veteris
1063 2800 1451 2866 Academiae
1499 2805 1612 2867 aut
1654 2802 2264 2887 Peripateticorum,
2328 2803 2432 2868 vel

413 2882 482 2946 id
529 2884 739 2948 solum
783 2887 1030 2971 percipi
1074 2909 1290 2971 posse,
1338 2890 1507 2974 quod
1554 2893 1725 2955 esset
1768 2913 1991 2955 verum
2036 2891 2195 2974 tale,
2244 2892 2431 2975 quale
2458 2910 2502 2949 3⁰

413 2969 650 3035 falsum
697 2994 837 3037 esse
879 2996 1011 3039 non
1064 2981 1314 3060 posset,
1372 2978 1475 3043 vel
1520 2978 1876 3061 sapientem
1921 2978 2089 3043 nihil
2134 2980 2432 3061 opinari?

415 3056 602 3123 Certe
659 3081 867 3125 nemo.
957 3061 1208 3127 Horum
1261 3069 1563 3129 neutrum
1624 3069 1771 3131 ante
1816 3066 2137 3131 Zenonem
2190 3088 2431 3151 magno

413 3168 605 3229 opere
679 3148 1010 3214 defensum
1084 3156 1208 3235 est3
1291 3173 1412 3237 ego
1494 3158 1716 3218 tamen
1784 3158 2126 3239 utrumque
2207 3176 2431 3220 verum

411 3236 571 3319 puto
617 3258 740 3301 nec
787 3237 926 3303 dico
982 3240 1298 3322 temporis
1347 3262 1568 3326 causa,
1633 3242 1744 3306 sed
1804 3242 1903 3307 ita
1955 3243 2151 3325 plane
2203 3242 2429 3325 probo.

305 3317 392 3382 36
544 3322 716 3387 Illud
773 3325 940 3390 ferre
997 3347 1130 3393 non
1188 3349 1482 3411 possum:
1572 3328 1671 3393 Tu
1730 3352 1874 3394 cum
1932 3351 2035 3395 me
2094 3328 2428 3415 incognito
2455 3345 2501 3387 3⁵

304 3408 414 3456 114
460 3408 769 3475 adsentiri
813 3418 990 3478 vetes
1037 3415 1227 3497 idque
1273 3414 1722 3497 turpissimum
1770 3439 1908 3481 esse
1955 3418 2130 3482 dicas
2180 3424 2245 3482 et
2297 3418 2429 3500 ple-

412 3494 753 3561 nissimum
819 3501 1206 3565 temeritatis
1211 3550 1232 3583 ,
1304 3506 1560 3565 tantum
1632 3504 1758 3568 tibi
1821 3505 2091 3586 adroges
2098 3554 2119 3590 ,
2190 3509 2265 3569 ut
2325 3528 2430 3571 ex-
