2609 3884
420 141 548 206 346
810 138 1409 195 TUSCULANARUM
1442 137 2048 195 DISPUTATIONUM

419 324 791 367 maxumum
854 300 1118 385 dixerit,
1190 302 1483 386 quamvis
1556 301 1728 365 idem
1789 300 2160 365 forticulum
2234 322 2305 365 se
2370 301 2449 365 in
2566 312 2568 383 ξ

417 391 808 456 torminibus
871 394 939 454 et
998 390 1068 455 in
1122 390 1494 475 stranguria
1547 410 1663 453 sua
1725 388 2050 472 praebeat.
2156 388 2449 453 Aliunde
2566 386 2568 465 g

416 479 620 565 igitur
665 482 764 543 est
809 477 1172 562 quaerenda
1214 478 1556 558 medicina,
1604 479 1670 542 et
1714 477 1994 541 maxime
2040 476 2318 562 quidem,
2365 478 2451 562 si,

417 568 571 653 quid
632 566 911 631 maxime
975 568 1475 631 consentaneum
1539 566 1649 648 sit,
1722 565 2115 649 quaerimus,
2187 565 2268 630 ab
2338 566 2451 649 iis,

416 656 677 741 quibus,
740 654 909 740 quod
970 653 1318 720 honestum
1383 656 1497 738 sit,
1561 674 1879 719 summum
1934 653 2202 737 bonum,
2262 655 2451 738 quod
2476 682 2503 723 5
2566 687 2569 694 ’

414 748 631 829 turpe,
675 764 1001 809 summum
1045 742 1298 808 videtur
1344 743 1605 807 malum.
1694 740 1817 805 His
1862 744 1936 807 tu
1980 743 2448 825 praesentibus

416 853 672 917 gemere
726 834 792 895 et
843 831 1086 895 iactare
1139 834 1207 895 te
1249 852 1384 895 non
1438 829 1702 895 audebis
1756 829 2076 913 profect03
2132 829 2450 916 loquetur

309 979 398 1105 Ξὲ)
418 938 1057 1091 θωῗιιξιῗῗωοιῖῑῒιω
1076 916 1331 1088 Ργιὲῗέεε
1376 921 1873 1071 Ῑῖἓῖθέἰᾚῇθ
1890 1055 1909 1090 ,
2004 1005 2446 1072 adulescentis

417 1095 777 1179 Olympiae,
821 1094 1133 1158 barbaros
1178 1093 1250 1157 in
1293 1093 1535 1159 harena
1578 1094 1817 1160 videris
1863 1094 2241 1178 excipientis
2288 1115 2446 1180 gra·
2474 1122 2521 1163 ιε

412 1184 716 1248 vissimas
769 1183 998 1266 plagas
1053 1184 1120 1246 et
1162 1181 1433 1247 ferentis
1480 1182 1766 1266 silenti0,
1822 1182 1878 1246 si
1921 1184 1988 1246 te
2031 1181 2200 1247 forte
2247 1182 2447 1249 dolor

413 1271 651 1356 aliquis
712 1269 1115 1354 pervellerit,
1179 1269 1570 1335 exclamabis
1631 1273 1706 1335 ut
1766 1269 2022 1353 mulier,
2083 1291 2219 1335 non
2280 1292 2442 1337 eon-

415 1362 666 1425 stanter
719 1363 786 1423 et
838 1357 1061 1423 sedate
1105 1357 1321 1423 feres?
1368 1394 1453 1405 —
1497 1357 1669 1422 Fieri
1712 1379 1847 1423 non
1889 1360 2139 1442 potest3
2197 1362 2445 1425 natura

409 1470 547 1515 non
606 1447 872 1532 patitur.
937 1482 1022 1493 —
1086 1446 1319 1511 Audio.
1426 1445 1618 1511 Pueri
1679 1446 1898 1511 ferunt
1966 1447 2175 1532 gloria
2237 1447 2442 1532 ducti,

411 1537 629 1601 ferunt
673 1537 918 1621 pudore
955 1534 1094 1613 alii,
1138 1533 1328 1599 multi
1375 1538 1555 1600 metu
1561 1584 1581 1619 ,
1628 1538 1693 1599 et
1736 1537 1957 1599 tamen
1991 1556 2314 1620 veremur,
2362 1538 2441 1600 ut
2467 1564 2509 1603 ιε

411 1624 565 1703 hoc,
625 1624 796 1710 quod
843 1646 882 1689 a
925 1626 1062 1687 tam
1107 1623 1331 1687 multis
1378 1626 1443 1687 et
1487 1622 1659 1708 quod
1702 1625 1807 1687 tot
1848 1622 2009 1687 locis
2052 1622 2440 1708 perferatur,

411 1715 648 1777 natura
692 1711 1024 1796 patiatur?
1111 1710 1236 1775 Illa
1279 1732 1433 1776 vero
1478 1732 1610 1776 non
1654 1710 1846 1775 modo
1890 1710 2163 1794 patitur,
2208 1732 2439 1776 verum
2573 1750 2574 1781 ᾗ

414 1802 609 1865 etiam
661 1800 981 1884 postulat3
1035 1798 1200 1863 nihil
1254 1798 1425 1863 enim
1480 1798 1681 1863 habet
1723 1798 2189 1882 praestantius,
2246 1800 2440 1884 nihil,

413 1889 581 1973 quod
627 1888 838 1972 magis
885 1889 1144 1970 expetat
1188 1908 1385 1970 quam
1428 1886 1867 1971 honestatem,
1918 1907 2113 1970 quam
2157 1886 2438 1972 laudem,

412 1997 607 2060 quam
660 1975 1073 2059 dignitatem,
1127 1996 1324 2058 quam
1379 1975 1589 2040 decus,
1690 1974 1887 2039 Hisce
1952 1994 2073 2061 ego
2134 1975 2436 2058 pluribus
2460 2002 2503 2042 πο

409 2062 780 2127 nominibus
816 2083 1011 2125 unam
1047 2083 1184 2125 rem
1220 2061 1537 2127 declarari
1572 2062 1740 2147 volO,
1778 2062 1890 2127 sed
1924 2066 2092 2145 utor,
2125 2066 2201 2126 ut
2237 2085 2437 2147 quam

413 2151 692 2214 maxime
738 2150 1125 2233 significem,
1168 2149 1482 2232 pluribus.
1552 2148 1722 2215 Volo
1760 2152 1975 2215 autem
2014 2148 2224 2214 dicere
2266 2151 2435 2217 illud

410 2237 662 2301 homini
714 2236 907 2320 longe
963 2238 1300 2320 optumum
1355 2258 1522 2322 esse,
1576 2237 1746 2322 quod
1798 2238 2014 2322 ipsum
2068 2238 2155 2302 sit
2199 2243 2438 2323 optan-
2542 2302 2555 2331 ,

413 2324 565 2390 dum
608 2346 724 2409 per
778 2346 874 2408 se,
927 2346 966 2388 a
1022 2324 1258 2389 virtute
1313 2324 1674 2409 profectum
1727 2327 1829 2391 vel
1890 2327 1958 2391 in
2002 2327 2147 2409 ipsa
2189 2328 2437 2393 virtute

411 2414 610 2479 situm
619 2463 638 2498 ,
710 2434 826 2477 sua
900 2415 1135 2495 sponte
1217 2413 1567 2498 laudabile,
1649 2414 1820 2500 quod
1901 2414 2157 2498 quidem
2238 2414 2437 2481 citius
2461 2440 2504 2483 25

410 2502 681 2567 dixerim
727 2501 940 2566 solum
985 2522 1179 2586 quam
1223 2522 1359 2567 non
1396 2523 1717 2567 summum
1762 2502 2022 2567 bonum.
2095 2501 2315 2585 Atque
2364 2508 2439 2569 ut

407 2590 568 2655 haec
631 2590 709 2654 de
771 2590 1079 2674 honesto,
1142 2590 1234 2654 sic
1287 2589 1366 2654 de
1429 2591 1604 2674 turpi
1668 2591 2017 2675 contraria,
2066 2590 2235 2654 nihil
2294 2594 2437 2656 tam

407 2682 718 2831 gactrum,
779 2677 948 2743 nihil
1009 2682 1147 2743 tam
1215 2678 1713 2763 aspernandum,
1776 2678 1944 2743 nihil
2007 2678 2270 2743 homine
2335 2680 2434 2743 in-

452 2789 475 2830 1
571 2788 689 2831 lus.

303 2865 371 2915 4⁷
478 2786 728 2929 81Ξὶιιοᾶ
773 2854 831 2917 si
874 2854 998 2918 tibi
1042 2875 1420 2938 persuasum
1465 2856 1565 2919 est
1610 2852 1955 2939 (principio
1994 2854 2167 2919 enim
2210 2855 2433 2921 dixisti
2455 2882 2502 2922 so

408 2940 553 3025 plus
590 2941 661 3004 in
697 2941 1002 3006 dedecore
1040 2942 1202 3007 mali
1241 2943 1367 3007 tibi
1402 2942 1606 3007 videri
1642 2964 1837 3027 quam
1872 2945 1941 3007 in
1978 2938 2247 3029 dolore),
2283 2944 2430 3009 reli·

410 3049 605 3112 quum
643 3032 771 3111 est,
814 3032 892 3092 ut
933 3032 1074 3093 tute
1108 3030 1234 3093 tibi
1269 3031 1572 3116 imperes3
1620 3051 2007 3116 quamquam
2048 3030 2173 3095 hoc
2207 3032 2429 3098 nescio

411 3137 535 3199 quo
583 3116 773 3181 modo
822 3116 1083 3201 dicitur,
1130 3118 1317 3202 quasi
1363 3118 1488 3183 duo
1536 3119 1766 3203 simus,
1811 3122 1887 3184 ut
1930 3119 2093 3185 alter
2136 3118 2429 3202 imperet,

302 3208 385 3273 21
411 3204 574 3269 alter
634 3208 886 3289 pareat3
950 3226 1084 3271 non
1144 3206 1376 3269 inscite
1439 3211 1657 3272 tamen
1722 3207 1976 3272 dicitur.
2071 3206 2197 3271 Est
2254 3207 2427 3272 enim

411 3292 664 3356 animus
701 3291 772 3355 in
807 3294 1014 3376 partis
1052 3292 1335 3358 tributus
1373 3293 1558 3379 duas,
1605 3316 1877 3380 quarum
1914 3296 2119 3360 altera
2150 3295 2425 3361 rationis
2450 3320 2498 3361 ss

410 3382 510 3442 est
552 3379 905 3465 particeps,
961 3382 1166 3445 altera
1211 3401 1457 3464 expers.
1561 3379 1726 3448 Cum
1770 3384 1972 3469 igitur
2015 3383 2426 3467 praecipitur,

411 3468 482 3529 ut
515 3466 840 3532 nobismet
873 3469 1034 3554 ipsis
1072 3468 1488 3554 imperemus,
1525 3469 1649 3537 hoc
1683 3471 2103 3557 praecipitur,
2146 3473 2224 3537 ut
2255 3471 2423 3537 ratio
