2609 3884
664 171 796 228 ΜΒ.
832 172 928 226 m.
984 171 1138 226 CAP.
1179 178 1272 241 10,
1314 178 1397 227 11.
1450 178 1481 238 ς
1520 178 1765 227 33—39.
2099 173 2229 237 185

207 333 615 418 disciplinas,
670 355 832 419 quae
886 333 1190 399 virtutem
1245 355 1284 398 a
1340 356 1591 400 summo
1645 335 1818 400 bono
1866 334 2230 419 excludunt,

206 421 440 486 ceteris
490 422 792 488 omnibus
829 421 1236 506 philosophis
1273 422 1433 486 haec
1472 425 1573 487 est
1607 422 1847 486 tuenda
1891 423 2228 505 sententia,

205 510 488 573 maxime
546 512 765 573 tamen
819 508 1081 590 Stoicis,
1137 510 1249 592 qui
1310 509 1476 573 nihil
1544 510 1721 574 aliud
1781 510 1852 574 in
1910 511 2228 575 bonorum

204 619 480 662 numero
527 597 661 661 nisi
703 597 1050 662 honestum
1097 618 1235 661 esse
1280 598 1641 662 voluerunt.
1717 594 1841 662 Sed
1885 597 2047 662 haec
2091 598 2231 682 qui-

155 707 181 748 1
206 684 351 749 (16111
415 689 524 749 est
566 684 895 768 perfacilis
950 688 1017 748 et
1065 685 1484 768 perexpedita
1537 684 1842 750 defensio.
1924 684 2083 761 Quis
2131 688 2233 749 est

207 773 412 856 enim,
461 776 580 837 aut
624 774 767 856 quis
811 794 1117 857 umquam
1161 772 1286 837 fuit
1333 776 1447 837 aut
1490 774 1763 838 avaritia
1805 778 1943 845 tam
1981 773 2233 837 ardenti

206 866 318 923 aut
354 866 499 925 tam
537 861 863 925 effrenatis
901 860 1393 944 cupiditatibuS,
1437 865 1513 925 ut
1554 861 1821 926 eandem
1856 861 2042 925 illam
2076 882 2233 945 rem,

206 970 406 1031 quam
454 948 723 1032 adipisci
767 949 1003 1013 scelere
1059 949 1288 1032 quovis
1334 949 1521 1031 velit,
1574 970 1708 1013 non
1752 949 1979 1013 multis
2027 948 2231 1033 parti-

204 1036 326 1100 bus
374 1035 572 1099 malit
615 1036 696 1100 ad
742 1057 908 1119 sese,
964 1036 1158 1100 etiam
1204 1036 1383 1101 omni
1437 1037 1827 1119 impunitate
1876 1038 2232 1120 proposita,

136 1146 182 1186 ιο
207 1124 348 1188 sine
394 1123 684 1188 facinore
728 1145 923 1207 quam
966 1124 1084 1187 illo
1132 1124 1325 1189 modo
1371 1124 1749 1207 pervenire?
1824 1124 2031 1201 Quam
2080 1147 2229 1189 vero
2267 1146 2335 1194 37

203 1212 566 1276 utilitatem
617 1214 733 1277 aut
783 1233 973 1294 quem
1025 1212 1311 1276 fructum
1363 1215 1657 1295 petentes
1716 1213 1879 1276 scire
1936 1214 2228 1296 cupimus

203 1298 350 1381 illa,
410 1319 576 1383 quae
621 1299 874 1364 occulta
926 1299 1114 1364 nobis
1171 1302 1350 1383 sunt,
1402 1321 1530 1384 quo
1583 1299 1778 1365 modo
1833 1305 2234 1383 moveantur,

206 1388 577 1471 quibusque
648 1386 725 1451 de
797 1388 1007 1451 causis
1080 1408 1157 1451 ea
1226 1392 1565 1452 versentur
1624 1388 1697 1452 in
1758 1388 1981 1453 caelo?
2074 1388 2231 1464 Quis

207 1481 432 1539 autem
476 1478 615 1539 tam
662 1475 1028 1558 agrestibus
1072 1475 1391 1540 institutis
1432 1476 1617 1554 vivit,
1664 1478 1780 1539 aut
1822 1476 1964 1559 quis
2004 1480 2233 1541 contra

133 1584 182 1627 ω
207 1563 429 1627 studia
481 1565 751 1627 naturae
804 1566 941 1627 tam
993 1562 1405 1627 vehementer
1449 1563 1781 1645 obduruit,
1834 1566 1911 1627 ut
1954 1585 1993 1627 a
2037 1564 2231 1627 rebus

206 1650 583 1734 cognitione
629 1651 841 1735 dignis
889 1650 1236 1716 abhorreat
1281 1672 1518 1735 easque
1556 1651 1695 1715 sine
1739 1650 2072 1733 voluptate
2121 1654 2235 1715 aut

205 1740 498 1803 utilitate
545 1739 762 1821 aliqua
805 1760 937 1803 non
980 1738 1270 1822 requirat
1315 1743 1382 1803 et
1424 1760 1545 1822 pro
1588 1738 1799 1802 nihilo
1845 1738 2072 1821 putet?
2118 1743 2233 1803 aut

207 1828 354 1911 quis
410 1829 514 1891 est
527 1877 546 1911 ,
601 1827 714 1910 qui
765 1824 1194 1891 Maximorum
1250 1829 1365 1890 aut
1408 1826 1862 1891 Africanorum
1918 1828 2034 1889 aut
2076 1826 2233 1909 ciue,

210 1936 402 2000 quem
440 1919 516 1979 tu
559 1915 629 1979 in
665 1936 777 1979 ore
815 1936 1069 1998 semper
1103 1914 1336 1998 habes,
1379 1914 1605 1997 proavi
1643 1913 1800 1997 mei,
1847 1916 2231 1978 ceterorum-

135 2025 186 2065 ιο
210 2025 333 2087 que
379 2002 670 2067 virorum
713 2002 982 2067 fortium
1029 2006 1224 2087 atque
1266 2001 1446 2066 omni
1480 2001 1721 2065 virtute
1762 2002 2232 2084 praestantium

207 2091 385 2155 facta
394 2140 414 2174 ,
461 2090 661 2174 dicta,
697 2091 969 2155 consilia
1005 2110 1400 2174 cognoscens
1436 2089 1620 2153 nulla
1656 2089 1872 2154 animo
1910 2089 2230 2154 afficiatur

207 2177 589 2261 voluptate?
689 2177 848 2253 Quis
895 2182 1110 2242 autem
1169 2177 1445 2242 honesta
1488 2177 1558 2241 in
1600 2170 1850 2241 familia
1894 2177 2229 2242 institutus
2267 2196 2335 2246 38

210 2270 276 2331 et
339 2266 648 2331 educatus
710 2266 987 2350 ingenue
1053 2286 1190 2330 non
1258 2265 1401 2347 ipsa
1472 2265 1906 2349 turpitudine,
1975 2266 2232 2329 etiamsi

209 2374 361 2418 eum
412 2353 670 2418 laesura
719 2374 856 2418 non
909 2354 1022 2436 sit,
1086 2352 1473 2416 offenditur?
1536 2354 1679 2437 quis
1744 2353 1961 2417 animo
2026 2374 2229 2437 aequo

133 2463 183 2503 25
209 2441 391 2506 videt
445 2463 620 2523 eum,
675 2462 864 2524 quem
914 2441 1168 2523 impure
1221 2462 1297 2504 ac
1350 2440 1669 2523 flagitiose
1735 2443 1921 2523 putet
1972 2440 2231 2505 vivere?

211 2530 354 2614 quis
401 2549 537 2594 non
596 2528 734 2593 odit
789 2528 1108 2611 sordidos,
1161 2549 1395 2611 vanos,
1449 2528 1651 2611 leves,
1694 2524 1987 2591 futtiles?
2062 2525 2231 2601 Quid

209 2620 430 2681 autem
476 2616 606 2679 dici
647 2616 915 2699 poterit,
962 2617 1017 2679 si
1060 2614 1528 2699 turpitudinem
1571 2636 1702 2679 non
1745 2614 1957 2697 ipsam
2000 2634 2116 2697 per
2160 2636 2230 2677 se

206 2702 582 2788 fugiendam
637 2725 777 2767 esse
834 2707 1220 2785 statuemus,
1275 2724 1401 2786 quo
1447 2703 1660 2766 minus
1715 2701 2008 2766 homines
2054 2704 2230 2765 tene-

208 2791 363 2856 bras
419 2794 486 2855 et
540 2790 955 2856 solitudinem
1005 2791 1183 2855 nacti
1234 2790 1415 2855 nullo
1472 2790 1778 2853 dedecore
1834 2809 1902 2853 se
1950 2789 2228 2853 abstine-

131 2903 184 2942 ao
214 2881 350 2962 ant,
404 2878 537 2943 nisi
581 2900 692 2943 eos
744 2900 863 2962 per
907 2900 974 2942 se
1020 2879 1329 2942 foeditate
1375 2899 1492 2941 sua
1534 2877 1871 2960 turpitudo
1924 2877 2071 2961 ipsa
2126 2877 2228 2942 de-

209 2966 498 3031 terreat?
587 2965 1096 3030 Innumerabilia
1141 2965 1268 3030 dici
1321 2968 1597 3047 possunt
1650 2965 1720 3029 in
1762 2964 1931 3029 hanc
1977 2968 2228 3030 senten-

211 3054 399 3133 tiam,
455 3054 569 3118 sed
619 3075 754 3118 non
804 3074 1068 3118 necesse
1125 3057 1242 3117 est.
1330 3052 1518 3118 Nihil
1574 3056 1675 3116 est
1720 3053 1917 3135 enim,
1978 3053 2056 3117 de
2102 3075 2229 3137 quo

211 3142 422 3205 minus
488 3141 774 3206 dubitari
832 3142 1068 3225 possit,
1139 3162 1336 3225 quam
1402 3143 1467 3203 et
1528 3139 1804 3205 honesta
1875 3140 2231 3223 expetenda

211 3250 325 3311 per
389 3251 458 3294 se
513 3236 581 3294 et
634 3229 859 3294 eodem
914 3229 1106 3293 modo
1161 3228 1383 3311 turpia
1434 3249 1552 3311 per
1598 3250 1666 3291 se
1722 3248 1862 3291 6666
1906 3225 2230 3312 fugienda.

127 3338 184 3381 ⁸5
215 3312 584 3382 Constituto
649 3320 866 3381 autem
929 3316 1073 3399 illo,
1137 3315 1214 3380 de
1279 3337 1405 3399 quo
1470 3318 1622 3379 ante
1686 3315 1994 3397 diximus,
2057 3314 2229 3397 quod
2266 3332 2335 3380 39

211 3403 559 3469 honestum
596 3407 789 3487 esset,
823 3404 893 3468 id
929 3424 1069 3467 esse
1108 3404 1317 3468 solum
1353 3404 1613 3485 bonum,
1646 3402 1937 3482 intellegi
1969 3421 2227 3464 necesse

215 3493 311 3555 est
351 3492 562 3575 pluris
615 3492 710 3575 id,
765 3490 936 3577 quod
989 3491 1333 3555 honestum
1388 3489 1499 3571 sit,
1556 3487 2028 3551 aestimandum
2086 3506 2227 3549 esse
