2609 3884
370 99 456 167 66
882 92 1468 151 AcADEmcoRUM
1504 88 1839 147 PRIORUM

374 263 548 328 enim
592 260 754 325 haec
801 259 1008 346 quivis
1056 256 1377 322 arbitratu
1412 276 1530 319 suo
1575 250 2023 337 reprehendat,
2067 251 2237 336 quod
2284 272 2401 315 ne-

375 371 599 437 gemus
637 370 775 413 rem
810 347 1015 412 ullam
1058 345 1306 429 percipi
1348 364 1558 427 posse,
1602 345 1773 407 certe
1817 340 2026 405 levior
2050 338 2399 422 reprehen-

377 440 474 504 sio
504 440 621 521 est,
666 436 836 520 quod
881 439 1104 500 tamen
1148 433 1420 497 dicimus
1459 452 1599 496 esse
1646 428 1961 514 quaedam
2004 428 2403 511 probabilia.

374 526 528 591 Non
571 524 827 589 videtur
877 523 1004 587 1103
1051 522 1210 585 satis
1257 541 1398 585 esse
1442 519 1647 585 vobis.
1734 514 1836 581 Ne
1882 518 1997 600 sit3
2050 516 2170 580 illa
2216 519 2400 580 certe

377 615 681 680 debemus
709 612 1008 695 effugere,
1055 630 1218 693 quae
1255 631 1296 672 a
1338 613 1406 672 te
1442 608 1545 673 vel
1590 605 1865 670 maxime
1912 604 2166 690 agitata
2212 608 2399 669 sunt:
2425 627 2453 668 ⁵

378 701 626 767 ‘Nihil
688 700 943 785 igitur
1008 696 1306 762 cernis?
1368 694 1571 759 nihil
1636 693 1902 759 audis?
1973 692 2178 757 nihil
2243 693 2403 756 tibi

375 793 494 855 est
538 784 1103 871 perspicuum?
1177 784 1521 869 Explicavi
1565 783 1760 866 paulo
1808 785 1957 846 ante
1987 778 2402 846 Clitomacho

379 880 666 954 auctore,
740 897 865 959 quo
929 871 1118 938 modo
1192 874 1324 937 ista
1388 869 1751 936 Carneades
1816 870 2082 953 diceret3
2156 869 2404 953 accipe,

378 986 569 1051 quem
616 963 698 1027 ad
743 964 1004 1027 modum
1049 960 1270 1025 eadem
1326 960 1624 1025 dicantur
1667 982 1707 1023 a
1751 956 2153 1023 Clitomacho
2198 957 2273 1021 in
2322 978 2401 1021 eo

375 1054 566 1135 libro,
611 1072 799 1134 quem
828 1051 909 1115 ad
938 1048 1007 1113 O.
1034 1047 1359 1114 Lucilium
1397 1048 1659 1132 scripsit
1693 1050 1969 1130 poetam,
2007 1067 2154 1110 cum
2192 1046 2399 1129 scrip·
2427 1068 2473 1107 ιο
2541 1042 2542 1053 ’

380 1142 574 1205 sisset
623 1139 856 1203 iisdem
911 1136 988 1201 de
1041 1138 1232 1202 rebus
1282 1136 1365 1201 ad
1408 1134 1481 1201 L.
1525 1134 1978 1218 Censorinum,
2042 1155 2221 1217 311111,
2285 1133 2401 1217 qui

380 1227 606 1293 consul
653 1248 798 1291 cum
842 1224 953 1291 M?
991 1225 1262 1290 Manilio
1309 1225 1453 1289 fuit.
1544 1222 1819 1306 Scripsit
1861 1222 2065 1307 igitur
2109 1222 2214 1286 his
2261 1222 2401 1286 fere

378 1315 597 1380 verbis
645 1312 825 1399 (sunt
871 1313 1042 1378 enim
1087 1313 1248 1378 mihi
1305 1317 1491 1396 nota,
1553 1316 1897 1395 propterea
1956 1310 2128 1395 quod
2172 1332 2400 1375 earum

377 1404 669 1487 ipsarum
712 1424 946 1484 rerum,
991 1402 1070 1465 de
1115 1402 1348 1486 quibus
1396 1400 1663 1486 agimus,
1707 1400 1919 1483 prima
1961 1399 2294 1465 institutio
2333 1403 2400 1463 et
2541 1466 2542 1471 ,

381 1491 564 1577 quasi
629 1490 967 1574 disciplina
1032 1490 1146 1553 illo
1219 1489 1388 1553 libro
1452 1486 1840 1573 continetur)
1904 1488 2018 1551 sed
2081 1488 2400 1571 scriptum
2424 1510 2467 1551 15
2541 1505 2542 1521 ¹

277 1591 378 1641 103
426 1582 525 1643 est
568 1579 688 1643 ita:
769 1578 1170 1642 Academicis
1230 1578 1483 1660 placere
1542 1598 1683 1641 esse
1742 1598 1956 1641 rerum
2018 1576 2157 1641 eius
2218 1577 2400 1642 modi

379 1666 963 1749 dissimilitudines,
1027 1668 1104 1729 ut
1159 1665 1327 1729 aliae
1380 1664 1751 1749 probabiles
1796 1664 2162 1743 videantur,
2228 1666 2398 1729 aliae

380 1766 622 1820 contra.
711 1753 788 1818 Id
834 1757 1050 1817 autem
1093 1775 1226 1818 non
1272 1774 1414 1817 esse
1458 1753 1639 1835 satiS,
1683 1773 1797 1816 cur
1841 1752 1972 1817 alia
2012 1773 2207 1835 posse
2254 1776 2396 1837 per·

379 1842 510 1926 cipi
555 1842 748 1926 dicaS,
795 1841 925 1906 alia
960 1862 1093 1905 non
1134 1862 1347 1925 posse,
1391 1844 1733 1925 propterea
1776 1840 1947 1925 quod
1980 1840 2190 1905 multa
2224 1842 2399 1906 falsa

378 1929 750 2013 probabilia
840 1928 999 2012 sint,
1085 1928 1251 1993 m‘hil
1338 1932 1553 1993 autem
1636 1927 1791 1993 falsi
1872 1931 2252 2012 perceptum
2336 1933 2401 1995 et
2424 1953 2467 1992 20

383 2016 714 2101 cognitum
757 2017 968 2099 possit
994 2038 1152 2081 esse.
1208 2017 1435 2100 Itaque
1465 2016 1559 2081 ait
1586 2016 1997 2080 vehementer
2022 2037 2399 2101 errareeOS,

381 2104 493 2189 qui
539 2104 759 2168 dicant
805 2104 887 2168 ab
932 2103 1284 2169 Academia
1329 2126 1556 2170 sensus
1603 2104 1791 2187 eripi,
1848 2126 1889 2169 a
1932 2104 2165 2189 quibus
2209 2128 2398 2170 num-

382 2214 578 2276 quam
623 2191 864 2256 dictum
910 2192 998 2257 sit
1042 2196 1158 2257 aut
1201 2194 1482 2258 colorem
1513 2196 1625 2257 aut
1662 2213 1961 2275 saporem.
2003 2195 2117 2256 aut
2162 2216 2399 2259 sonum

379 2279 633 2344 nullum
681 2300 849 2363 esse,
910 2280 1074 2345 illud
1121 2281 1208 2345 sit
1251 2280 1679 2364 disputatum,
1740 2301 1873 2345 non
1928 2280 2140 2345 inesse
2195 2282 2272 2346 in
2316 2283 2397 2347 iis

381 2368 730 2452 propriam,
784 2390 948 2452 quae
986 2390 1309 2452 nusquam
1354 2368 1514 2433 alibi
1553 2371 1738 2452 esset,
1781 2368 1919 2433 veri
1963 2372 2031 2433 et
2074 2370 2238 2433 certi
2284 2392 2397 2436 no·
2424 2390 2467 2431 25

279 2467 382 2517 104
405 2459 578 2540 jam.
652 2456 829 2532 Quae
877 2478 1020 2521 cum
1067 2457 1497 2539 exposuisset,
1542 2455 1839 2540 adiungit
1883 2456 2226 2539 dupliciter
2270 2458 2400 2523 dici

280 2536 691 2609 ‘'‘adsensus
740 2544 1058 2609 sustinere
1095 2544 1473 2627 sapientem,
1518 2567 1647 2609 uno
1685 2543 1894 2627 modo,
1938 2566 2085 2609 cum
2130 2544 2257 2610 hoc
2296 2534 2398 2611 'in-

379 2633 750 2717 tellegatur,
795 2632 1055 2697 omnino
1094 2654 1240 2696 eum
1274 2632 1373 2697 rei
1408 2632 1573 2697 nulli
1608 2632 1937 2716 adsentiri,
1981 2633 2208 2717 altero,
2249 2655 2398 2699 cum

381 2740 452 2784 se
498 2742 538 2783 a
571 2720 1036 2804 respondend0,
1082 2723 1156 2783 ut
1191 2724 1304 2784 aut
1342 2720 1661 2804 adprobet
1704 2719 1859 2804 quid
1898 2725 2010 2784 aut
2052 2721 2399 2805 improbet,

383 2806 717 2890 sustineat,
761 2810 837 2871 ut
879 2829 1089 2891 neque
1133 2811 1329 2893 neget
1375 2807 1616 2892 aliquid
1659 2829 1866 2891 neque
1913 2807 2065 2872 aiat.
2126 2808 2205 2873 Id
2250 2832 2397 2874 cum
2420 2834 2464 2874 so

378 2893 478 2958 ita
523 2893 635 2976 sit,
682 2894 954 2958 alterum
996 2894 1281 2978 placere,
1326 2900 1403 2961 ut
1444 2917 1796 2979 numquam
1842 2896 2259 2980 adsentiatur,
2307 2899 2395 2962 al-

380 2984 594 3045 terum
638 2984 885 3064 tenere,
945 2984 1021 3046 ut
1063 3003 1334 3066 sequens
1389 2983 1946 3067 probabilitatem,
2008 2984 2398 3071 ubicumque

380 3068 542 3133 haec
589 3071 702 3133 aut
749 3072 1046 3134 occurrat
1091 3075 1206 3134 aut
1261 3071 1543 3152 deficiat,
1589 3075 1702 3135 aut
1748 3070 2001 3136 ‘etiam'
2048 3076 2164 3136 aut
2202 3072 2396 3138 ‘non'

380 3156 767 3239 respondere
812 3158 1040 3241 possit.
1113 3156 1236 3223 Sed
1281 3181 1426 3224 cum
1469 3160 1728 3242 placeat
1771 3181 1934 3245 eum,
1978 3159 2089 3243 qui
2134 3160 2213 3223 de
2260 3182 2397 3226 om*

380 3243 573 3307 nibus
599 3245 792 3309 rebus
823 3246 1150 3310 contineat
1186 3268 1254 3309 se
1292 3247 1375 3310 ab
1413 3246 1845 3331 adsentiendo,
1894 3247 2140 3311 moveri
2174 3251 2396 3313 tamen
2417 3274 2458 3317 ³5

383 3337 451 3394 et
496 3350 685 3414 agere
742 3331 1010 3415 aliquid,
1073 3333 1353 3416 relinqui
1398 3334 1532 3397 eius
1586 3334 1762 3399 modi
1804 3334 1969 3418 visa,
2031 3334 2267 3420 quibus
2314 3337 2395 3401 ad

383 3416 706 3482 actionem
734 3418 1100 3503 excitemur,
1135 3419 1294 3483 item
1322 3441 1416 3503 ea,
1444 3442 1607 3504 quae
1633 3420 2020 3506 interrogati
2053 3423 2126 3487 in
2152 3426 2394 3487 utram-
