2609 3884
245 2180 313 2229 26

354 151 438 216 12
785 149 1371 208 ACADEMICORUM
1403 150 1921 208 POSTERIORUM

348 314 685 398 tineretur,
747 335 954 398 neque
1011 314 1144 378 vim
1199 313 1337 378 sine
1403 313 1621 398 aliqua
1673 313 1972 398 materia3
2034 313 2203 378 nihil
2266 319 2391 382 est

351 402 552 486 enim,
607 402 778 486 quod
829 423 962 467 non
1017 402 1253 467 alicubi
1306 423 1446 466 esse
1501 405 1789 486 cogatur.
1818 437 1833 446 =
1889 400 2016 466 Sed
2071 402 2245 486 quod
2290 425 2389 467 ex

348 494 640 574 utroque,
675 489 744 554 id
762 491 812 576 †
835 489 967 554 iam
987 511 1234 592 corpus·
1248 492 1314 554 et
1341 489 1524 573 quasi
1551 490 2012 573 qualitatem
2041 491 2385 574 quandam

347 578 801 658 nominabant3
849 577 1088 642 dabitis
1135 578 1305 642 enim
1346 577 1658 661 profecto,
1701 579 1777 642 ut
1818 578 1889 641 in
1931 579 2124 642 rebus
2168 579 2387 643 inusi-

347 667 536 750 tatis,
589 665 760 750 quod
815 664 1048 730 Graeci
1099 666 1226 749 ipsi
1287 665 1563 749 faciunt,
1628 687 1667 730 a
1722 665 1955 749 quibus
2008 665 2169 730 haec
2230 667 2383 732 iam
2412 690 2445 732 ⁵
2568 694 2572 779 Ε

350 755 460 819 diu
502 757 894 838 tractantur,
939 756 1198 817 utamur
1241 753 1457 818 verbis
1501 753 1823 818 interdum
1868 754 2195 818 inauditis.

481 841 620 908 Nos
691 863 842 905 vero
857 890 876 924 ,
946 841 1160 926 inquit
1228 839 1521 926 Atticus;
1605 841 1762 924 quin
1831 842 2028 906 etiam
2100 840 2379 906 Graecis

348 930 570 995 licebit
621 933 832 1013 utare,
877 952 1024 994 cum
1077 929 1281 1012 voleS,
1334 929 1390 993 si
1434 933 1502 994 te
1546 927 1782 994 Latina
1831 929 2005 995 forte
2050 929 2379 995 deficient.

351 1054 432 1064 —
499 1017 676 1083 Bene
742 1039 897 1082 sane
957 1017 1150 1101 facis3
1215 1016 1331 1081 sed
1394 1017 1630 1101 enitar,
1690 1020 1765 1082 ut
1825 1015 2055 1082 Latine
2116 1017 2379 1102 loquar,
2573 1097 2574 1105 ἵ

347 1106 477 1171 nisi
529 1105 600 1170 in
651 1105 916 1170 huiusce
971 1104 1148 1171 modi
1201 1105 1442 1189 νει-1115,
1494 1109 1569 1170 ut
1628 1104 2204 1189 philosophiam
2252 1110 2377 1170 aut
2404 1130 2464 1169 ιο
2573 1148 2574 1176 ;

348 1193 815 1260 rhetoricam
878 1196 992 1260 aut
1060 1192 1462 1277 physicam
1528 1196 1643 1256 aut
1696 1192 2191 1257 dialecticam
2254 1215 2374 1277 ap-

347 1282 613 1366 pellem,
669 1283 901 1366 quibus
947 1285 1021 1346 ut
1067 1281 1213 1346 aliis
1258 1281 1481 1345 multis
1530 1279 1921 1345 consuetudo
1980 1281 2113 1346 iam
2158 1281 2377 1346 utitur

349 1391 466 1454 pro
510 1369 778 1434 Latinis.
850 1367 1296 1445 Qualitates
1342 1369 1543 1470 igitur
1588 1368 1936 1453 appellavi,
1981 1389 2138 1452 quas
2182 1365 2375 1435 ποιό-

348 1480 546 1541 τητας
581 1456 814 1524 Graeci
851 1457 1208 1540 appellant,
1254 1455 1479 1540 quod
1458 1477 1674 1540 ipsum
1714 1456 1883 1541 apud
1919 1454 2197 1522 Graecos
2230 1459 2371 1523 non

351 1549 453 1610 est
514 1545 694 1630 vulgi
755 1546 1048 1629 verbum,
1113 1544 1225 1610 sed
1286 1543 1845 1629 philosophorum3
1910 1548 2103 1628 atque
2164 1545 2233 1609 id
2298 1546 2371 1609 in
2402 1567 2457 1608 15

351 1633 596 1698 multis.
674 1631 1178 1698 Dialecticorum
1223 1653 1375 1697 vero
1421 1633 1621 1697 verba
1662 1631 1843 1696 nulla
1888 1636 2042 1696 sunt
2082 1633 2371 1718 publica,

352 1722 486 1787 suis
523 1724 809 1787 utuntur.
862 1721 952 1786 Et
985 1720 1054 1786 id
1098 1720 1358 1805 quidem
1395 1741 1734 1785 commune
1772 1721 2061 1784 omnium
2094 1721 2232 1785 fere
2266 1726 2371 1786 est

353 1804 617 1894 artium3
665 1813 780 1874 aut
824 1810 998 1873 enim
1037 1830 1211 1874 nova
1255 1812 1409 1874 sunt
1451 1829 1667 1874 rerum
1709 1830 2026 1874 novarum
2070 1809 2372 1874 facienda

349 1898 615 1962 nomina
673 1900 787 1961 aut
848 1919 924 1961 ex
993 1897 1138 1961 aliis
1197 1895 1659 1961 transferenda.
1768 1894 1952 1972 Quod
2016 1897 2071 1961 si
2136 1895 2371 1962 Graeci

349 1985 623 2065 faciunt,
678 1984 790 2067 qui
833 1985 902 2048 in
943 1983 1048 2048 his
1102 1984 1293 2048 rebus
1356 1986 1461 2048 tot
1511 1984 1643 2047 iam
1698 1985 1955 2049 saecula
2009 1988 2370 2069 versantur,
2397 2010 2453 2049 20

353 2074 594 2156 quanto
654 2071 723 2135 id
780 2071 973 2136 nobis
1031 2070 1240 2155 magis
1304 2070 1779 2137 concedendum
1842 2075 1967 2157 est,
2030 2073 2140 2156 qui
2204 2072 2371 2138 haec

349 2181 522 2224 nunc
570 2159 851 2243 primum
904 2161 1184 2223 tractare
1230 2159 1579 2224 conamur?
1684 2159 1784 2224 'I'u
1841 2182 2021 2246 vero,
2082 2161 2371 2263 inquam,

349 2246 586 2330 Varro,
630 2247 792 2310 bene
830 2246 1028 2310 etiam
1063 2247 1407 2311 meriturus
1444 2246 1605 2312 mihi
1638 2249 1877 2313 videris
1923 2249 1999 2313 de
2044 2247 2176 2314 tuis
2213 2250 2369 2314 civi-

350 2336 502 2420 bus,
549 2335 607 2400 si
643 2356 752 2400 eos
790 2355 924 2399 non
959 2334 1150 2399 modo
1199 2335 1387 2418 copia
1420 2357 1636 2400 rerum
1674 2335 1955 2420 auxeris,
1998 2338 2095 2401 uti
2131 2337 2371 2422 fecisti,

351 2423 465 2488 sed
509 2423 706 2488 etiam
751 2423 1112 2488 verborum.
1199 2420 1599 2487 Audebimus
1646 2444 1829 2508 erg0,
1884 2425 2121 2508 inquit,
2175 2426 2366 2491 novis
2396 2448 2449 2490 25
2562 2493 2565 2498 ,

350 2512 564 2577 verbis
618 2512 718 2577 uti
771 2515 839 2576 te
899 2515 1185 2594 auctore,
1242 2510 1298 2576 si
1342 2531 1601 2575 necesse
1647 2513 1787 2576 erit.
1874 2511 2120 2577 Earum
2163 2513 2371 2596 igitur

353 2600 736 2684 qualitatum
800 2604 952 2665 sunt
1015 2599 1184 2664 aliae
1246 2599 1596 2683 principes,
1660 2599 1829 2664 aliae
1889 2620 1993 2664 ex
2024 2600 2107 2665 iis
2165 2605 2369 2666 ortae.

349 2687 682 2788 Principes
731 2691 883 2753 sunt
923 2689 1114 2753 unius
1161 2687 1342 2752 modi
1386 2690 1477 2751 et
1494 2685 1848 2770 simplices;
1902 2681 1993 2752 ex⁴
2021 2687 2103 2753 iis
2151 2693 2369 2753 autem

351 2775 570 2839 variae
631 2778 811 2839 ortae
867 2778 1018 2839 sunt
1077 2779 1142 2838 et
1194 2775 1381 2858 quasi
1437 2774 1885 2840 multiformes,
1980 2775 2209 2861 Itaque
2257 2781 2370 2841 aer

352 2861 504 2946 (hoc
560 2882 812 2944 quoque
869 2863 1042 2925 enim
1095 2862 1339 2926 utimur
1392 2863 1521 2926 iam
1572 2884 1692 2946 pro
1746 2861 2010 2949 Latino)
2066 2869 2133 2928 et
2188 2863 2365 2949 ignis
2393 2889 2447 2931 so

353 2952 418 3013 et
489 2969 656 3031 aqua
719 2951 785 3012 et
855 2951 1030 3012 terra
1089 2949 1302 3031 prima
1364 2953 1539 3035 sunt3
1618 2972 1695 3014 ex
1756 2951 1841 3016 iis
1904 2955 2121 3017 autem
2185 2957 2367 3018 ortae

353 3036 781 3102 animantium
825 3035 1074 3100 formae
1119 3056 1467 3121 earumque
1512 3059 1755 3122 rerum,
1802 3061 1963 3122 quae
2008 3041 2367 3123 gignuntur

353 3147 388 3190 e
421 3129 612 3188 terra.
683 3123 860 3208 Ergo
897 3124 1014 3188 illa
1047 3123 1234 3189 initia
1257 3129 1372 3208 ‘et,
1414 3127 1490 3189 ut
1534 3146 1570 3189 e
1617 3123 1862 3191 Graeco
1908 3125 2173 3210 vertam,
2214 3127 2363 3192 ele-

350 3216 610 3278 menta
656 3211 979 3296 dicuntur-3
1035 3234 1070 3278 e
1127 3213 1357 3297 quibus
1404 3217 1514 3278 aer
1559 3217 1626 3277 et
1672 3214 1842 3298 ignis
1889 3177 2187 3279 movendi
2231 3217 2363 3281 vim

349 3301 594 3365 habent
631 3303 698 3364 et
733 3298 1072 3383 efficiendi,
1118 3301 1367 3385 reliqua
1409 3304 1626 3384 partes
1670 3301 2045 3385 accipiendi
2069 3307 2133 3366 et
2177 3305 2363 3388 quasi
2390 3329 2443 3370 35

348 3387 664 3471 patiendi,
719 3409 952 3472 aquam
1005 3389 1148 3453 dico
1205 3393 1270 3452 et
1322 3392 1581 3452 terram.
1682 3387 1992 3464 Quintum
2038 3410 2269 3474 genus,
2328 3413 2361 3455 e

353 3497 478 3558 quo
517 3477 732 3540 essent
777 3479 955 3540 astra
999 3478 1391 3558 mentesque,
1431 3474 1759 3560 singulare
1796 3496 2142 3560 eorumque
2179 3482 2361 3562 quat-
