2609 3884
366 138 498 205 208
695 140 792 195 DE
831 138 1122 194 FINIBUS
1157 138 1520 194 BONORUM
1554 139 1650 195 ΕΤ
1686 139 2051 196 MALORUM

367 302 554 367 aiunt
615 302 774 366 artis
853 320 1106 386 quoque
1179 300 1525 383 requisitas
1532 350 1551 385 ,
1616 322 1779 385 quae
1842 304 2147 366 naturam
2210 300 2389 367 adiu-

366 393 616 472 varent3
670 389 742 453 in
797 389 1029 473 quibus
1087 410 1164 453 ea
1219 391 1592 453 numeretur
1644 390 1713 452 in
1761 390 2016 474 primis,
2076 410 2240 474 quae
2286 392 2390 455 est

365 477 624 543 vivendi
679 499 812 555 am,
881 480 956 541 ut
1008 478 1295 565 tueatur,
1360 476 1530 560 quod
1596 498 1635 540 a
1695 481 1933 541 natura
1993 477 2217 542 datum
2281 478 2389 561 sit,

367 566 537 650 quod
592 564 786 646 desit,
846 564 1157 648 acquirat.
1269 562 1600 649 Iidemque
1663 564 2023 629 diviserunt
2082 567 2387 630 naturam

365 652 648 717 hominis
692 653 762 717 in
803 652 1089 717 animum
1126 655 1192 716 et
1228 672 1481 735 corpuS.
1555 649 1844 736 Cumque
1882 674 2103 717 eorum
2139 656 2385 718 utrum·
2414 676 2453 720 5

365 762 488 825 que
545 762 662 824 per
720 761 788 805 se
845 740 1269 823 expetendum
1328 760 1470 804 esse
1514 739 1853 825 dixissent,
1907 740 2183 805 virtutes
2231 763 2386 826 quo-

367 849 489 912 que
533 829 869 912 utriusque
915 848 1139 892 eorum
1185 848 1301 910 per
1338 847 1408 891 se
1455 828 1843 911 expetendas
1881 849 2021 892 esse
2066 828 2387 913 dicebant,

364 922 424 981 et
475 938 623 981 cum
678 917 967 980 animum
1018 914 1277 979 infinita
1331 915 1608 1000 quadam
1668 915 1857 980 laude
1922 919 2390 1000 anteponerent

368 1004 655 1087 corpori,
717 1004 992 1068 virtutes
1048 1024 1300 1087 quoque
1356 1003 1558 1067 animi
1610 1003 1799 1068 bonis
1854 1004 2145 1088 corporis
2206 1006 2387 1070 ante-

263 1114 328 1163 1⁷
366 1092 712 1175 ponebant.
803 1088 929 1155 Sed
975 1111 1119 1155 cum
1167 1090 1554 1173 sapientiam
1596 1091 1799 1155 totius
1843 1090 2128 1157 hominis
2174 1096 2382 1157 custo·
2416 1117 2483 1159 10

367 1180 513 1243 dem
558 1182 626 1243 et
668 1178 1174 1262 procuratricem
1211 1199 1353 1242 esse
1390 1178 1657 1262 vellent,
1703 1201 1869 1264 quae
1907 1184 2078 1244 esset
2112 1183 2388 1246 naturae

367 1288 579 1331 comes
618 1269 686 1330 et
721 1266 1020 1349 adiutrix,
1059 1264 1183 1330 hoc
1220 1266 1578 1351 sapientiae
1616 1288 1848 1332 munus
1888 1288 2027 1332 esse
2064 1267 2388 1352 dicebant,

364 1357 464 1438 ut,
525 1374 665 1419 cum
728 1376 872 1419 eum
936 1356 1254 1437 tueretur,
1319 1354 1430 1438 qui
1491 1358 1820 1419 constaret
1892 1377 1969 1421 ex
2034 1356 2251 1421 animo
2316 1359 2390 1421 et

363 1463 657 1526 corpore,
702 1443 772 1506 in
815 1445 1085 1526 utroque
1129 1442 1381 1506 iuvaret
1415 1463 1561 1505 eum
1598 1464 1672 1506 ac
1714 1443 2093 1507 contineret.
2164 1442 2386 1528 Atque

365 1530 460 1594 ita
520 1551 589 1594 re
651 1530 1033 1613 simpliciter
1100 1530 1310 1613 primo
1376 1530 1692 1595 collocata
1753 1531 2005 1614 reliqua
2076 1531 2383 1597 subtilius
2412 1556 2475 1600 15

363 1622 824 1702 persequentes
862 1618 1150 1701 corporis
1186 1617 1360 1681 bona
1399 1617 1657 1682 facilem
1695 1618 2018 1702 quandam
2061 1618 2385 1688 rationem

362 1704 605 1770 habere
652 1705 1028 1789 censebant3
1075 1704 1153 1768 de
1201 1704 1405 1768 animi
1447 1705 1639 1769 bonis
1687 1706 2048 1771 accuratius
2096 1708 2383 1791 exquire-

363 1793 526 1857 bant
587 1794 656 1857 in
717 1793 1073 1877 primisque
1136 1791 1549 1875 reperiebant
1612 1813 1754 1857 esse
1816 1794 1887 1857 in
1946 1794 2028 1859 iis
2090 1795 2383 1859 iustitiae

365 1882 613 1945 semina
666 1880 987 1965 primique
1045 1902 1122 1944 ex
1177 1880 1477 1944 omnibus
1536 1880 1944 1966 philosophis
1988 1884 2223 1947 natura
2265 1883 2382 1947 tri·

362 1968 592 2031 butum
648 1989 788 2031 esse
841 1968 1218 2050 docuerunt,
1271 1970 1349 2030 ut
1390 1968 1465 2050 ii,
1520 1968 1628 2052 qui
1688 1970 2007 2051 procreati
2053 1974 2294 2053 essent,
2342 1993 2384 2036 a
2410 1996 2467 2037 so

361 2054 886 2137 procreatoribus
969 2057 1363 2137 amarentur,
1445 2058 1537 2139 et,
1616 2055 1684 2120 id
1763 2058 1935 2140 quod
2014 2062 2383 2141 temporum

363 2142 587 2205 ordine
634 2141 964 2225 antiquius
1021 2145 1146 2225 est,
1203 2144 1279 2207 ut
1323 2142 1624 2228 coniugia
1668 2144 1953 2209 virorum
1999 2150 2068 2210 et
2108 2167 2383 2211 uxorum

361 2232 595 2293 natura
629 2228 975 2293 coniuncta
1011 2250 1151 2293 esse
1187 2229 1503 2315 dicerent,
1540 2253 1667 2315 qua
1705 2254 1783 2295 ex
1819 2233 2022 2317 stirpe
2058 2234 2382 2299 orirentur

363 2316 686 2380 amicitiae
732 2316 1208 2400 cognationum.
1297 2316 1517 2403 Atque
1564 2320 1647 2384 ab
1699 2318 1805 2383 his
1850 2320 2059 2386 initiis
2103 2322 2383 2405 profecti

362 2404 651 2468 omnium
695 2404 1012 2469 virtutum
1059 2407 1124 2468 et
1169 2406 1484 2489 originem
1540 2410 1607 2471 et
1658 2408 2179 2492 progressionem
2234 2432 2380 2493 per·
2409 2436 2463 2477 25

362 2492 567 2556 secuti
630 2495 798 2557 sunt.
904 2492 1006 2557 Ex
1071 2513 1197 2577 quo
1251 2494 1632 2577 magnitudo
1697 2517 1949 2580 quoque
2013 2496 2214 2561 animi
2274 2519 2381 2562 ex·

362 2579 663 2664 sistebat,
719 2601 846 2664 qua
899 2580 1088 2645 facile
1141 2584 1365 2664 posset
1416 2584 1765 2666 repugnari
1828 2584 2185 2669 obsistique
2246 2585 2380 2650 for-

358 2670 575 2751 tunae,
613 2668 783 2751 quod
820 2668 1140 2733 maximae
1177 2690 1282 2733 res
1320 2673 1535 2733 essent
1568 2670 1636 2733 in
1677 2674 2007 2753 potestate
2045 2672 2379 2755 sapientis.

357 2752 728 2820 Varietates
785 2760 1001 2821 autem
1055 2756 1452 2840 iniuriasque
1502 2756 1801 2823 fortunae
1853 2758 2045 2823 facile
2088 2763 2379 2826 veterum

357 2842 896 2926 philosophorum
966 2844 1331 2928 praeceptis
1407 2844 1710 2909 instituta
1789 2846 1928 2910 vita
2010 2848 2379 2930 superabat.
2405 2874 2460 2915 so

257 2948 322 2998 18
357 2927 700 3011 Principiis
739 2933 954 2994 autem
993 2952 1032 2994 a
1067 2936 1301 2995 natura
1350 2932 1519 2996 datis
1558 2932 2013 3017 amplitudines
2062 2936 2375 3019 quaedam
2602 2994 2604 3021 E

356 3015 678 3079 bonorum
750 3015 1222 3101 excitabantur,
1293 3020 1531 3101 partim
1599 3020 1925 3103 profectae
1990 3045 2029 3087 a
2092 3027 2376 3088 contem·
2602 3026 2604 3093 l

354 3103 640 3186 platione
695 3124 910 3167 rerum
965 3104 1391 3189 occultarum,
1445 3108 1614 3191 quod
1669 3111 1809 3173 erat
1870 3110 2104 3175 insitus
2170 3113 2378 3176 menti
2602 3102 2604 3133 ³

356 3189 746 3273 cognitionis
810 3212 1018 3269 amor,
1083 3213 1116 3255 e
1169 3215 1294 3277 quo
1357 3195 1552 3259 etiam
1615 3197 1887 3261 rationis
1955 3198 2377 3281 explicandae

357 3277 835 3363 disserendique
901 3278 1220 3360 cupiditas
1286 3283 1824 3369 consequebatur,
1889 3285 2185 3370 quodque
2250 3286 2377 3353 hoc
2402 3312 2456 3353 ω

356 3364 565 3428 solum
615 3366 857 3431 animal
901 3369 1128 3431 natum
1175 3370 1274 3432 est
1326 3370 1589 3451 pudoris
1636 3392 1712 3435 ac
1761 3374 2183 3438 verecundiae
2227 3396 2376 3457 par-

352 3451 558 3536 ticeps
607 3455 1046 3539 appetensque
1093 3455 1459 3521 convictum
1503 3457 1838 3525 hominum
1875 3482 1949 3525 ac
1995 3462 2377 3528 societatem
