2609 3884
836 167 1262 224 ADNOTATIO
1302 167 1602 224 CRITICA.
2053 171 2235 226 XXIII

212 335 333 384 197.
367 335 432 383 11
469 329 702 382 dicimus
738 327 859 381 cod.
900 326 970 395 B,
1008 327 1222 395 Madv.,
1261 328 1506 382 diximus
1539 328 1615 396 A,
1652 327 1798 382 Bait.
1831 359 1893 370 —
1925 329 1985 385 P.
2018 335 2136 384 197.
2169 336 2233 384 12

209 401 564 454 emolumenta
600 403 650 452 et
685 399 1006 452 detrimenta
1042 397 1265 466 Lamb.,
1312 397 1457 452 Bait.
1496 398 1581 453 ed.
1621 398 1870 453 Tauchn.
1908 430 1975 441 --
2013 400 2074 454 P.
2115 406 2234 457 197.

208 473 278 522 25
309 473 660 536 expetuntur
688 467 876 536 codd.,
913 467 1098 522 Madv.
1131 467 1215 521 ed.
1246 467 1350 535 III,
1389 474 1731 537 expetantur
1764 468 1911 524 Bait.
1948 470 2235 541 Madvigio

210 540 464 604 auctore3
511 537 626 592 vid.
675 538 749 591 ad.
795 537 961 605 Seyff.
1005 536 1161 593 Lael.
1206 554 1268 605 p.
1303 543 1386 593 53.
1426 568 1493 578 —
1530 538 1591 594 P.
1633 544 1751 594 198.
1789 545 1820 594 9
1865 541 2112 595 victurus
2145 544 2238 596 sit

210 609 405 675 codd,
459 612 536 662 est
589 607 768 661 Klotz.
827 610 886 661 et
938 606 1083 661 Bait.
1132 623 1163 660 e
1207 606 1484 676 Madvigii
1529 608 1857 664 coniectura
1892 611 2108 665 nullam
2142 613 2237 666 hic

209 694 443 733 causam
489 677 830 732 coniunctivi
875 676 1124 746 ponendi
1159 693 1303 746 esse,
1352 680 1418 732 ut
1454 677 1700 747 videtur,
1750 681 2042 736 censentis.
2114 682 2237 751 Ego

208 749 485 803 maiorem
532 747 776 802 arbitror
821 763 941 802 esse
990 763 1181 816 quam,
1228 764 1339 815 quo
1387 749 1642 818 exemplo
1689 749 1867 804 utitur
1908 750 2122 820 Madv.,
2166 752 2235 807 N.

207 819 276 876 D.
316 820 345 873 I
380 824 466 873 37.
509 824 608 872 103
647 823 839 872 utatur
873 819 992 872 suis
1027 819 1183 872 bonis
1219 822 1451 886 oportet,
1498 821 1594 886 qui
1638 820 1825 874 beatus
1872 821 2100 887 futurus
2135 827 2237 890 est3

208 907 344 944 nam
389 889 590 942 beatus
639 904 760 943 esse
805 903 972 942 nemo
1016 904 1129 942 non
1174 888 1325 955 vult,
1376 888 1755 959 subiciturque
1793 892 1891 958 ραι·
1926 892 2115 946 beatus
2149 893 2239 959 fu·

209 966 374 1014 turus
409 965 511 1026 est,
547 975 662 1013 non
687 959 753 1012 ut
789 959 1032 1027 qualitas
1061 958 1433 1026 describatur,
1471 977 1581 1028 qua
1610 976 1749 1029 opus
1775 961 1849 1015 sit
1874 961 1949 1014 ad
1973 961 2051 1031 id,
2089 963 2241 1031 quod

209 1031 268 1085 in
305 1028 580 1099 primaria
625 1029 904 1083 sententia
950 1029 1198 1097 positum
1243 1030 1356 1096 est,
1404 1030 1503 1083 sed
1546 1030 1705 1098 quasi
1743 1029 2023 1098 condicio,
2069 1050 2239 1100 quam

207 1099 529 1156 necessario
578 1100 846 1168 sequatur
888 1099 1059 1166 illud3
1106 1115 1174 1154 ac
1219 1100 1446 1168 poterat
1490 1100 1609 1154 sine
1666 1100 1837 1156 dubio
1885 1101 2076 1157 Cicero
2130 1105 2239 1157 hoc

209 1170 1790 1310 32⁰⁰&latitasset².33Q3{ss²“2¹t.⁸.1⁶3‘z.1³·33.53
1819 1173 2241 1298 133315522‘3?

209 1313 376 1366 beret
413 1327 560 1378 esse,
600 1311 689 1364 cui
725 1310 1188 1380 proficiscendum
1227 1313 1376 1364 esset
1411 1311 1481 1365 ab
1522 1312 1674 1365 omni
1708 1312 1943 1381 mund0,
1991 1330 2103 1367 non
2140 1315 2240 1367 ali-

209 1383 302 1436 ter
341 1399 408 1436 ac
445 1398 498 1450 p.
530 1386 650 1435 251.
683 1387 751 1436 16
791 1383 884 1436 cui
919 1383 1211 1450 proposita
1254 1383 1347 1436 sit
1390 1383 1723 1437 conservatio
1763 1384 1879 1450 sui,
1927 1399 2132 1438 necesse
2166 1390 2242 1439 est

210 1454 344 1507 huic
395 1457 581 1520 partes
635 1467 843 1521 quoque
894 1453 987 1506 sui
1031 1467 1192 1506 caras
1235 1468 1343 1506 esse
1390 1453 1491 1505 aut
1535 1452 1602 1506 de
1650 1452 1761 1509 div.
1811 1453 1839 1507 I
1876 1459 1961 1509 56.
2001 1460 2099 1508 127
2146 1457 2243 1523 ραι·

212 1527 395 1577 teneat
434 1553 499 1561 —
535 1538 740 1576 necesse
777 1527 852 1576 est
888 1527 1066 1577 teneat
1094 1521 1182 1590 (cf.
1211 1521 1397 1578 Madv.
1425 1523 1517 1578 fin.
1545 1539 1600 1592 p.
1630 1525 1780 1592 287),
1816 1523 1910 1578 hic
1939 1542 1992 1593 p.
2022 1529 2142 1578 359.
2173 1531 2240 1580 25

211 1595 311 1663 ραι
349 1597 542 1648 contra
569 1593 773 1658 adfecti
798 1593 938 1658 sint,
973 1593 1068 1647 hos
1101 1594 1331 1647 insanos
1366 1593 1640 1661 appellari
1679 1609 1883 1649 necesse
1917 1599 2020 1660 est,
2058 1600 2177 1651 363.
2208 1602 2240 1650 2

215 1664 331 1733 Qui
365 1663 441 1717 sit
475 1663 656 1732 fraqi,
702 1679 823 1717 eum
866 1679 1070 1718 necesse
1105 1669 1182 1717 est
1217 1679 1324 1718 esse
1360 1668 1717 1730 constantem,
1763 1664 1839 1720 ib.
1867 1670 1934 1718 21
1986 1667 2084 1734 ραι
2118 1681 2240 1720 con-

211 1735 480 1802 cupierit,
526 1751 646 1787 ewm
689 1749 895 1788 necesse
939 1738 1016 1787 est
1060 1734 1260 1788 laetari
1267 1773 1284 1800 ,
1329 1736 1427 1787 aut
1462 1734 1531 1788 N.
1568 1734 1635 1787 D.
1665 1734 1717 1787 II
1754 1740 1840 1790 30.
1886 1741 1953 1790 76
1989 1737 2086 1804 ραι·
2120 1737 2245 1790 deos

213 1820 322 1859 esse
359 1805 681 1868 concedant,
717 1805 791 1858 iis
825 1805 1110 1870 fatendum
1147 1808 1238 1857 est.
1296 1802 1387 1868 Cf„
1408 1804 1482 1858 ad
1518 1821 1571 1872 p.
1606 1810 1689 1859 68.
1721 1809 1805 1858 14.
1834 1835 1901 1844 -
1931 1804 1994 1858 Ρ.
2025 1809 2143 1858 198.
2174 1812 2243 1861 20

211 1876 546 1929 advorsum
582 1875 706 1929 deos
743 1875 802 1928 et
837 1892 887 1928 v.
922 1880 986 1928 21
1032 1874 1419 1942 explanatione
1455 1873 1599 1927 Bait.
1636 1876 1926 1941 tamquam
1962 1891 1999 1928 a
2032 1875 2241 1943 Nonio;

213 1945 317 1999 sed
353 1945 414 1998 in
451 1943 622 1998 Nonii
660 1944 820 1999 codd.
852 1946 938 1997 est
972 1944 1065 1998 vel
1101 1945 1412 2012 explatione
1446 1945 1537 1999 vel
1575 1945 1901 2012 expiatione.
1934 1975 2000 1985 —-
2028 1944 2090 2002 P.
2123 1951 2242 2003 198.

214 2022 282 2069 27
325 2016 671 2082 descriptius
709 2014 868 2068 codd.
899 2017 958 2068 et
984 2015 1136 2080 edd.;
1175 2032 1226 2068 v.
1258 2015 1332 2068 ad
1358 2032 1411 2083 p.
1444 2020 1493 2068 6.
1523 2020 1608 2070 29.
1640 2045 1708 2053 -
1736 2015 1797 2068 Ρ.
1828 2021 1947 2070 198.
1978 2021 2044 2070 31
2074 2033 2245 2071 unam

214 2102 317 2155 pro
362 2086 536 2139 ullam
572 2101 699 2138 cum
736 2085 856 2150 all.,
893 2086 1014 2137 tum
1059 2083 1204 2139 Bait.
1243 2085 1329 2139 ed.
1368 2084 1499 2142 min.
1548 2116 1616 2124 —-
1653 2085 1715 2141 P.
1758 2091 1875 2140 199.
1923 2092 1989 2140 14
2024 2103 2121 2141 nec
2155 2103 2245 2141 ex-

213 2159 414 2224 spectet
453 2186 518 2194 —
558 2155 936 2224 superioribus
973 2154 1201 2209 adiunxi
1234 2155 1529 2210 notissima
1564 2155 1667 2209 illa
1704 2155 1906 2226 figura,
1954 2173 2066 2224 qua
2099 2157 2243 2212 rela-

213 2226 370 2280 tivae
409 2225 722 2280 sententiae
758 2227 940 2290 (cuius
976 2227 1189 2280 etiamsi
1226 2231 1318 2293 —)
1354 2227 1533 2280 altera
1563 2225 1647 2280 ita
1674 2226 2014 2294 annectitur,
2051 2229 2115 2280 ut
2140 2243 2244 2296 pro

215 2295 331 2350 alio
372 2312 506 2350 casu
541 2295 767 2350 relativi
800 2295 1147 2364 pronominis
1184 2296 1284 2349 aut
1330 2295 1832 2350 demonstrativum
1867 2299 2110 2365 ponatur
2148 2299 2246 2350 aut

214 2365 450 2422 nullum.
534 2365 731 2432 Falso,
787 2366 982 2432 (πρᾶο,
1039 2365 1253 2421 Madv.:
1333 2366 1429 2420 ‘In
1481 2365 1657 2434 ipsius
1704 2367 1975 2435 sapientis
2022 2366 2243 2421 actione

217 2435 649 2506 significanda',
683 2436 891 2504 inquit,
935 2437 1169 2490 ‘transit
1195 2437 1269 2491 ad
1295 2436 1668 2505 potentialem
1697 2437 1971 2491 orationis
2007 2437 2246 2491 formam

213 2507 375 2574 (Nec,
443 2508 508 2560 ui
534 2507 755 2576 sapiens
781 2508 880 2573 sit,
916 2507 1222 2576 expectet)’.
1254 2537 1322 2547 —
1352 2507 1413 2562 P.
1443 2512 1563 2563 203.
1593 2511 1661 2560 35
1690 2523 1803 2561 nec
1828 2508 2021 2575 spinas
2048 2506 2247 2574 scripsi

217 2577 364 2644 (cod.
454 2577 612 2646 log.),
649 2592 764 2632 non
797 2578 992 2646 spinas
1017 2576 1232 2642 Madv.,
1269 2581 1306 2644 †
1343 2577 1480 2632 hom.
1516 2592 1597 2644 sp.
1634 2577 1754 2632 vell.
1792 2575 1937 2630 Bait.
1975 2575 2062 2631 ed.
2094 2577 2245 2643 Tur.‚

215 2647 356 2702 hom.
393 2663 540 2702 more
573 2663 686 2702 non
721 2663 803 2716 sp.
843 2647 929 2700 ed.
965 2647 1146 2716 Lipa,
1191 2648 1258 2703 de
1300 2662 1384 2716 sp.
1433 2647 1591 2700 codd.
1640 2676 1707 2688 υ-
1744 2645 1807 2699 Ρ.
1846 2651 1964 2699 204.
1998 2651 2065 2699 10
2103 2647 2248 2700 tueri

217 2717 444 2784 Cobet.‚
483 2717 686 2773 Mnem.
724 2735 780 2771 n.
817 2735 860 2774 e.
888 2717 969 2772 III
1002 2735 1057 2786 p.
1089 2724 1172 2774 99.
1212 2748 1279 2757 -
1317 2717 1379 2771 Ρ.
1423 2722 1543 2772 204.
1578 2720 1644 2770 15
1680 2721 1931 2771 conatur
1968 2732 2094 2770 cum
2130 2715 2246 2784 alii,

215 2789 337 2842 tum
374 2787 521 2842 Bait.
561 2819 628 2828 —
664 2788 726 2842 P.
755 2793 877 2842 204.
907 2792 976 2842 25
1006 2789 1280 2857 Punyunt
1315 2789 1485 2842 enim
1523 2786 1682 2842 codd.
1715 2785 1854 2854 ΒΕ,
1890 2786 2099 2856 Madv.,
2138 2804 2246 2842 om.

217 2860 362 2912 enim
398 2857 476 2926 A,
523 2857 668 2911 Bait.
707 2888 774 2898 -
811 2858 872 2912 P.
910 2863 1032 2920 204.
1070 2864 1139 2913 33
1175 2859 1261 2913 his
1297 2858 1484 2926 codd.,
1534 2857 1750 2926 Madv.,
1786 2858 1860 2912 iis
1895 2857 2041 2912 Bait.
2082 2889 2149 2898 —
2184 2858 2246 2912 P.

219 2933 339 2983 205.
371 2934 440 2983 26
479 2945 573 2982 ars
607 2928 824 2996 Madv.,
868 2945 953 2983 res
999 2927 1172 2983 ceteri
1219 2929 1379 2985 codd.
1428 2931 1487 2983 et
1530 2927 1676 2983 Bait.
1725 2928 1815 2986 ed.
1851 2929 2004 2995 Tun,
2054 2945 2160 2982 om.
2199 2928 2249 2980 A

219 3000 276 3052 et
312 2997 461 3054 Bait.
501 2999 588 3052 ed.
627 2998 778 3068 Lips.
809 3028 876 3038 --
906 2999 966 3054 P.
996 3004 1118 3054 205.
1147 3005 1216 3053 36
1250 3015 1363 3068 ραα
1398 3005 1447 3052 et
1480 2999 1541 3054 hi
1576 2998 1789 3065 Madv.‚
1826 3014 1927 3068 que
1962 3000 2051 3053 hic
2088 2998 2247 3052 codd.

217 3068 261 3120 B
284 3068 357 3136 E,
395 3085 507 3138 ραα
543 3069 633 3123 hic
667 3068 742 3136 A,
780 3085 893 3138 ραα
927 3069 986 3124 hi
1021 3069 1198 3138 vulg„
1246 3069 1392 3126 Bait.
1432 3100 1499 3108 —
1536 3069 1597 3125 P.
1628 3075 1752 3123 207.
1791 3075 1823 3124 8
1861 3069 1985 3138 quis
2022 3069 2143 3122 cod.
2180 3067 2248 3135 A,

218 3138 386 3205 Bait„
439 3139 537 3208 ραι
580 3140 652 3208 Β,
705 3139 892 3194 Madv.
950 3170 1014 3179 —
1071 3139 1134 3193 P.
1183 3145 1301 3195 208.
1342 3144 1375 3194 8
1422 3145 1472 3194 et
1517 3156 1639 3194 cum
1689 3139 1911 3206 Lamb.,
1964 3138 2110 3193 Bait.
2161 3138 2249 3193 ed.

218 3209 498 3276 Tauchn.,
536 3214 586 3264 et
613 3225 721 3264 om.
753 3210 942 3278 codd„
977 3209 1163 3266 Madv.
1194 3241 1262 3250 ——
1289 3210 1352 3264 P.
1382 3215 1502 3266 210.
1533 3216 1600 3264 21
1630 3211 1860 3264 nomina
1894 3225 2077 3264 rerum
2112 3224 2249 3264 com-

216 3284 516 3335 mutantem
571 3297 698 3334 eum
755 3279 879 3349 alii,
933 3282 1056 3334 tum
1109 3281 1294 3336 Madv.
1353 3283 1412 3335 et
1465 3280 1608 3336 Bait.
1665 3280 1726 3334 in
1780 3279 1867 3336 ed.
1918 3279 2167 3334 Tanchn.
2216 3296 2245 3333 a

217 3348 484 3404 Cicerone
531 3350 940 3406 abiudicarunt.
988 3383 1055 3392 —
1101 3352 1162 3407 P.
1202 3357 1322 3405 210.
1363 3357 1429 3406 33
1478 3353 1592 3406 nisi
1635 3351 1709 3405 in
1752 3351 1996 3418 sapiente
2031 3367 2102 3404 ne
2141 3365 2249 3420 ego

216 3419 446 3487 quidem
487 3421 730 3475 scribere
769 3421 1050 3489 dubitavi,
1089 3420 1196 3475 etsi
1233 3421 1391 3476 deest
1424 3419 1767 3491 praepositio
1803 3419 1863 3474 in
1902 3422 2019 3488 opt.
2058 3419 2247 3484 codd.;

215 3507 374 3559 nam,
413 3507 560 3559 quae
597 3491 844 3562 Madvig.
884 3492 1078 3546 attulit
1115 3493 1399 3561 exempla,
1439 3492 1507 3545 de
1534 3493 1649 3545 nat.
1680 3491 1730 3544 d.
1760 3490 1787 3543 I
1815 3495 1901 3544 31.
1932 3495 2001 3544 87
2030 3489 2095 3542 in
2129 3488 2248 3540 ulla
