<?xml version="1.0" encoding="UTF-8"?>
<!DOCTYPE html PUBLIC "-//W3C//DTD XHTML 1.0 Transitional//EN"
    "http://www.w3.org/TR/xhtml1/DTD/xhtml1-transitional.dtd">
<html xmlns="http://www.w3.org/1999/xhtml" xml:lang="en" lang="en">
 <head>
  <title>
</title>
<meta http-equiv="Content-Type" content="text/html;charset=utf-8" />
  <meta name='ocr-system' content='tesseract 3.04.00' />
  <meta name='ocr-capabilities' content='ocr_page ocr_carea ocr_par ocr_line ocrx_word'/>
</head>
<body>
  <div class='ocr_page' id='page_1' title='image "./scriptaquaemans01mlgoog_0017.png"; bbox 0 0 2609 3884; ppageno 0'>
   <div class='ocr_carea' id='block_1_1' title="bbox 843 172 2233 230">
    <p class='ocr_par' dir='ltr' id='par_1_1' title="bbox 843 172 2233 230">
     <span class='ocr_line' id='line_1_1' title="bbox 843 172 2233 230; baseline -0.001 -1"><span class='ocrx_word' id='word_1_1' title='bbox 843 172 1265 230; x_wconf 85' lang='lat' dir='ltr'>ADNOTATIO</span> <span class='ocrx_word' id='word_1_2' title='bbox 1303 172 1604 230; x_wconf 85' lang='lat' dir='ltr'><strong>CRITICA.</strong></span> <span class='ocrx_word' id='word_1_3' title='bbox 2102 174 2233 228; x_wconf 92' lang='lat' dir='ltr'>XIII</span> 
     </span>
    </p>
   </div>
   <div class='ocr_carea' id='block_1_2' title="bbox 216 332 2239 3568">
    <p class='ocr_par' dir='ltr' id='par_1_2' title="bbox 216 332 2239 3284">
     <span class='ocr_line' id='line_1_2' title="bbox 216 332 2228 403; baseline -0.001 -14"><span class='ocrx_word' id='word_1_4' title='bbox 216 349 353 403; x_wconf 82' lang='lat' dir='ltr'><strong>posse</strong></span> <span class='ocrx_word' id='word_1_5' title='bbox 378 334 671 403; x_wconf 75' lang='lat' dir='ltr'><strong>quicquam</strong></span> <span class='ocrx_word' id='word_1_6' title='bbox 698 349 852 388; x_wconf 82' lang='lat' dir='ltr'><strong>esse.</strong></span> <span class='ocrx_word' id='word_1_7' title='bbox 918 332 1042 388; x_wconf 92' lang='lat' dir='ltr'><strong>Vid.</strong></span> <span class='ocrx_word' id='word_1_8' title='bbox 1071 332 1254 387; x_wconf 86' lang='lat' dir='ltr'>Madv.</span> <span class='ocrx_word' id='word_1_9' title='bbox 1284 332 1377 386; x_wconf 86' lang='lat' dir='ltr'><strong>fin.</strong></span> <span class='ocrx_word' id='word_1_10' title='bbox 1417 332 1495 386; x_wconf 89' lang='lat' dir='ltr'><strong>IV</strong></span> <span class='ocrx_word' id='word_1_11' title='bbox 1526 337 1607 386; x_wconf 90' lang='lat'><strong>18.</strong></span> <span class='ocrx_word' id='word_1_12' title='bbox 1636 337 1704 387; x_wconf 84' lang='lat'><strong>48</strong></span> <span class='ocrx_word' id='word_1_13' title='bbox 1740 350 1795 401; x_wconf 91' lang='lat' dir='ltr'><strong>p.</strong></span> <span class='ocrx_word' id='word_1_14' title='bbox 1826 337 1929 389; x_wconf 88' lang='grc'><strong>553</strong></span> <span class='ocrx_word' id='word_1_15' title='bbox 1968 333 2029 388; x_wconf 88' lang='lat' dir='ltr'><strong>et</strong></span> <span class='ocrx_word' id='word_1_16' title='bbox 2063 332 2117 388; x_wconf 88' lang='lat' dir='ltr'><strong>V</strong></span> <span class='ocrx_word' id='word_1_17' title='bbox 2144 337 2228 388; x_wconf 94' lang='grc'><strong>28.</strong></span> 
     </span>
     <span class='ocr_line' id='line_1_3' title="bbox 221 403 2229 474; baseline -0.001 -15"><span class='ocrx_word' id='word_1_18' title='bbox 221 411 278 459; x_wconf 85' lang='lat'><strong>84</strong></span> <span class='ocrx_word' id='word_1_19' title='bbox 310 422 362 474; x_wconf 88' lang='lat' dir='ltr'><strong>p.</strong></span> <span class='ocrx_word' id='word_1_20' title='bbox 403 409 536 472; x_wconf 76' lang='lat'>755,</span> <span class='ocrx_word' id='word_1_21' title='bbox 575 404 701 459; x_wconf 78' lang='lat' dir='ltr'><strong>add.</strong></span> <span class='ocrx_word' id='word_1_22' title='bbox 733 419 806 458; x_wconf 83' lang='lat' dir='ltr'><strong>ex</strong></span> <span class='ocrx_word' id='word_1_23' title='bbox 840 403 950 458; x_wconf 81' lang='lat' dir='ltr'><strong>hoc</strong></span> <span class='ocrx_word' id='word_1_24' title='bbox 986 403 1098 457; x_wconf 84' lang='lat' dir='ltr'><strong>vol.</strong></span> <span class='ocrx_word' id='word_1_25' title='bbox 1125 421 1180 472; x_wconf 89' lang='lat' dir='ltr'><strong>p.</strong></span> <span class='ocrx_word' id='word_1_26' title='bbox 1212 409 1295 458; x_wconf 81' lang='grc'><strong>79.</strong></span> <span class='ocrx_word' id='word_1_27' title='bbox 1325 408 1419 469; x_wconf 81' lang='lat'><strong>24,</strong></span> <span class='ocrx_word' id='word_1_28' title='bbox 1459 407 1579 456; x_wconf 79' lang='lat'><strong>287.</strong></span> <span class='ocrx_word' id='word_1_29' title='bbox 1610 409 1677 457; x_wconf 84' lang='lat'><strong>36</strong></span> <span class='ocrx_word' id='word_1_30' title='bbox 1715 405 1858 470; x_wconf 85' lang='lat'><strong>(308.</strong></span> <span class='ocrx_word' id='word_1_31' title='bbox 1892 409 1925 458; x_wconf 81' lang='lat'>9</span> <span class='ocrx_word' id='word_1_32' title='bbox 1963 403 2132 472; x_wconf 85' lang='lat' dir='ltr'><strong>dub.).</strong></span> <span class='ocrx_word' id='word_1_33' title='bbox 2162 434 2229 444; x_wconf 90' lang='lat'>-</span> 
     </span>
     <span class='ocr_line' id='line_1_4' title="bbox 219 472 2229 544; baseline 0 -16"><span class='ocrx_word' id='word_1_34' title='bbox 219 475 270 528; x_wconf 87' lang='lat' dir='ltr'><strong>P.</strong></span> <span class='ocrx_word' id='word_1_35' title='bbox 291 480 370 530; x_wconf 88' lang='grc'><strong>74.</strong></span> <span class='ocrx_word' id='word_1_36' title='bbox 393 480 463 528; x_wconf 89' lang='grc'><strong>32</strong></span> <span class='ocrx_word' id='word_1_37' title='bbox 490 476 627 544; x_wconf 77' lang='lat' dir='ltr'><strong>ipsa</strong></span> <span class='ocrx_word' id='word_1_38' title='bbox 652 474 841 529; x_wconf 89' lang='lat' dir='ltr'><strong>Halm.</strong></span> <span class='ocrx_word' id='word_1_39' title='bbox 864 504 932 514; x_wconf 90' lang='lat'><em>-</em></span> <span class='ocrx_word' id='word_1_40' title='bbox 951 472 1012 528; x_wconf 89' lang='lat' dir='ltr'><strong>P.</strong></span> <span class='ocrx_word' id='word_1_41' title='bbox 1035 479 1119 528; x_wconf 91' lang='grc'><strong>75.</strong></span> <span class='ocrx_word' id='word_1_42' title='bbox 1149 479 1180 528; x_wconf 89' lang='grc'><strong>5</strong></span> <span class='ocrx_word' id='word_1_43' title='bbox 1205 475 1400 542; x_wconf 81' lang='lat' dir='ltr'><strong>possit</strong></span> <span class='ocrx_word' id='word_1_44' title='bbox 1428 472 1649 542; x_wconf 79' lang='lat' dir='ltr'><strong>scripsi,</strong></span> <span class='ocrx_word' id='word_1_45' title='bbox 1677 490 1729 526; x_wconf 85' lang='lat' dir='ltr'><strong>v.</strong></span> <span class='ocrx_word' id='word_1_46' title='bbox 1764 473 1838 528; x_wconf 90' lang='lat' dir='ltr'><strong>ad</strong></span> <span class='ocrx_word' id='word_1_47' title='bbox 1862 491 1916 542; x_wconf 90' lang='lat' dir='ltr'><strong>p.</strong></span> <span class='ocrx_word' id='word_1_48' title='bbox 1939 479 2023 528; x_wconf 91' lang='grc'><strong>52.</strong></span> <span class='ocrx_word' id='word_1_49' title='bbox 2046 479 2131 528; x_wconf 89' lang='grc'><strong>25.</strong></span> <span class='ocrx_word' id='word_1_50' title='bbox 2163 505 2229 513; x_wconf 89' lang='grc'>-</span> 
     </span>
     <span class='ocr_line' id='line_1_5' title="bbox 218 543 2226 614; baseline 0 -17"><span class='ocrx_word' id='word_1_51' title='bbox 218 543 271 598; x_wconf 91' lang='lat' dir='ltr'><strong>P.</strong></span> <span class='ocrx_word' id='word_1_52' title='bbox 301 550 380 600; x_wconf 89' lang='grc'><strong>75.</strong></span> <span class='ocrx_word' id='word_1_53' title='bbox 414 551 479 598; x_wconf 91' lang='grc'><strong>11</strong></span> <span class='ocrx_word' id='word_1_54' title='bbox 519 544 875 614; x_wconf 76' lang='lat' dir='ltr'><strong>Syracosius</strong></span> <span class='ocrx_word' id='word_1_55' title='bbox 912 543 1068 600; x_wconf 91' lang='lat' dir='ltr'><strong>codd.</strong></span> <span class='ocrx_word' id='word_1_56' title='bbox 1097 543 1228 610; x_wconf 87' lang='lat' dir='ltr'><strong>AB,</strong></span> <span class='ocrx_word' id='word_1_57' title='bbox 1255 543 1419 610; x_wconf 67' lang='lat' dir='ltr'><strong>Bait„</strong></span> <span class='ocrx_word' id='word_1_58' title='bbox 1456 543 1790 612; x_wconf 73' lang='lat' dir='ltr'><strong><em>Syracusius</em></strong></span> <span class='ocrx_word' id='word_1_59' title='bbox 1816 544 1984 612; x_wconf 68' lang='lat' dir='ltr'><strong>vulg„</strong></span> <span class='ocrx_word' id='word_1_60' title='bbox 2012 544 2226 611; x_wconf 88' lang='lat' dir='ltr'><strong>Halm.;</strong></span> 
     </span>
     <span class='ocr_line' id='line_1_6' title="bbox 221 613 2230 684; baseline 0 -16"><span class='ocrx_word' id='word_1_61' title='bbox 221 614 279 668; x_wconf 89' lang='lat' dir='ltr'><strong>cf.</strong></span> <span class='ocrx_word' id='word_1_62' title='bbox 297 633 350 684; x_wconf 90' lang='lat' dir='ltr'><strong>p.</strong></span> <span class='ocrx_word' id='word_1_63' title='bbox 379 620 505 669; x_wconf 87' lang='grc'><strong>459.</strong></span> <span class='ocrx_word' id='word_1_64' title='bbox 529 621 614 682; x_wconf 92' lang='grc'><strong>23,</strong></span> <span class='ocrx_word' id='word_1_65' title='bbox 634 614 747 669; x_wconf 86' lang='lat' dir='ltr'><strong>div.</strong></span> <span class='ocrx_word' id='word_1_66' title='bbox 767 615 796 668; x_wconf 93' lang='lat' dir='ltr'>I</span> <span class='ocrx_word' id='word_1_67' title='bbox 812 621 896 669; x_wconf 90' lang='grc'><strong>20.</strong></span> <span class='ocrx_word' id='word_1_68' title='bbox 919 619 1004 668; x_wconf 94' lang='grc'><strong>39.</strong></span> <span class='ocrx_word' id='word_1_69' title='bbox 1025 643 1090 653; x_wconf 91' lang='lat'><strong>-—</strong></span> <span class='ocrx_word' id='word_1_70' title='bbox 1111 614 1172 668; x_wconf 93' lang='lat' dir='ltr'><strong>P.</strong></span> <span class='ocrx_word' id='word_1_71' title='bbox 1199 618 1281 668; x_wconf 94' lang='grc'><strong>75.</strong></span> <span class='ocrx_word' id='word_1_72' title='bbox 1306 619 1373 668; x_wconf 94' lang='grc'><strong>19</strong></span> <span class='ocrx_word' id='word_1_73' title='bbox 1399 613 1561 668; x_wconf 91' lang='lat' dir='ltr'><strong>codd.</strong></span> <span class='ocrx_word' id='word_1_74' title='bbox 1580 613 1706 682; x_wconf 72' lang='lat' dir='ltr'><strong>qu</strong></span> <span class='ocrx_word' id='word_1_75' title='bbox 1731 629 1801 668; x_wconf 79' lang='lat' dir='ltr'><strong>ne</strong></span> <span class='ocrx_word' id='word_1_76' title='bbox 1824 614 1993 679; x_wconf 83' lang='lat' dir='ltr'><strong>vobis,</strong></span> <span class='ocrx_word' id='word_1_77' title='bbox 2019 614 2230 683; x_wconf 89' lang='lat' dir='ltr'><strong>Lamb.,</strong></span> 
     </span>
     <span class='ocr_line' id='line_1_7' title="bbox 219 682 2230 754; baseline 0 -16"><span class='ocrx_word' id='word_1_78' title='bbox 219 685 422 754; x_wconf 85' lang='lat' dir='ltr'><strong>Halm.,</strong></span> <span class='ocrx_word' id='word_1_79' title='bbox 470 683 614 741; x_wconf 87' lang='lat' dir='ltr'><strong>Bait.</strong></span> <span class='ocrx_word' id='word_1_80' title='bbox 665 683 900 754; x_wconf 73' lang='lat' dir='ltr'><strong>qune?</strong></span> <span class='ocrx_word' id='word_1_81' title='bbox 949 699 1018 740; x_wconf 78' lang='lat' dir='ltr'><strong>ne</strong></span> <span class='ocrx_word' id='word_1_82' title='bbox 1067 685 1151 740; x_wconf 83' lang='lat' dir='ltr'><strong>bis</strong></span> <span class='ocrx_word' id='word_1_83' title='bbox 1192 683 1431 739; x_wconf 86' lang='lat' dir='ltr'><strong>fortasse</strong></span> <span class='ocrx_word' id='word_1_84' title='bbox 1481 699 1631 738; x_wconf 85' lang='lat' dir='ltr'><strong>vere.</strong></span> <span class='ocrx_word' id='word_1_85' title='bbox 1684 713 1751 724; x_wconf 90' lang='lat'>—</span> <span class='ocrx_word' id='word_1_86' title='bbox 1801 682 1865 737; x_wconf 94' lang='lat' dir='ltr'><strong>P.</strong></span> <span class='ocrx_word' id='word_1_87' title='bbox 1915 689 1997 738; x_wconf 90' lang='grc'><strong>76.</strong></span> <span class='ocrx_word' id='word_1_88' title='bbox 2038 689 2069 738; x_wconf 96' lang='grc'><strong>5</strong></span> <span class='ocrx_word' id='word_1_89' title='bbox 2119 701 2230 753; x_wconf 77' lang='lat' dir='ltr'><strong>qua</strong></span> 
     </span>
     <span class='ocr_line' id='line_1_8' title="bbox 218 752 2233 824; baseline -0 -15"><span class='ocrx_word' id='word_1_90' title='bbox 218 756 454 824; x_wconf 71' lang='lat' dir='ltr'><strong>quodque</strong></span> <span class='ocrx_word' id='word_1_91' title='bbox 496 755 796 810; x_wconf 77' lang='lat' dir='ltr'><strong><em>movebitur</em></strong></span> <span class='ocrx_word' id='word_1_92' title='bbox 833 769 1054 824; x_wconf 73' lang='lat' dir='ltr'><strong>empus,</strong></span> <span class='ocrx_word' id='word_1_93' title='bbox 1099 755 1258 810; x_wconf 81' lang='lat' dir='ltr'><strong>aliud</strong></span> <span class='ocrx_word' id='word_1_94' title='bbox 1293 756 1447 810; x_wconf 80' lang='lat' dir='ltr'><strong>cedat</strong></span> <span class='ocrx_word' id='word_1_95' title='bbox 1482 752 1707 823; x_wconf 82' lang='lat' dir='ltr'>scripsi,</span> <span class='ocrx_word' id='word_1_96' title='bbox 1755 754 1901 823; x_wconf 78' lang='lat' dir='ltr'><strong>quod</strong></span> <span class='ocrx_word' id='word_1_97' title='bbox 1934 755 2233 808; x_wconf 59' lang='lat' dir='ltr'><strong>movebimur</strong></span> 
     </span>
     <span class='ocr_line' id='line_1_9' title="bbox 219 825 2234 894; baseline -0.001 -14"><span class='ocrx_word' id='word_1_98' title='bbox 219 841 498 894; x_wconf 71' lang='lat' dir='ltr'><strong>corporum</strong></span> <span class='ocrx_word' id='word_1_99' title='bbox 545 826 700 880; x_wconf 81' lang='lat' dir='ltr'><strong>cedat</strong></span> <span class='ocrx_word' id='word_1_100' title='bbox 751 825 910 882; x_wconf 83' lang='lat' dir='ltr'><strong>codd.</strong></span> <span class='ocrx_word' id='word_1_101' title='bbox 924 865 938 892; x_wconf 92' lang='lat'>‚</span> <span class='ocrx_word' id='word_1_102' title='bbox 989 840 1094 894; x_wconf 76' lang='lat' dir='ltr'><strong>quo</strong></span> <span class='ocrx_word' id='word_1_103' title='bbox 1142 827 1277 894; x_wconf 65' lang='lat' dir='ltr'><strong>wid</strong></span> <span class='ocrx_word' id='word_1_104' title='bbox 1326 825 1623 880; x_wconf 79' lang='lat' dir='ltr'><strong><em>movebitur</em></strong></span> <span class='ocrx_word' id='word_1_105' title='bbox 1674 839 1987 893; x_wconf 77' lang='lat' dir='ltr'><strong>corporum,</strong></span> <span class='ocrx_word' id='word_1_106' title='bbox 2037 839 2234 892; x_wconf 77' lang='lat' dir='ltr'><strong>eorpus</strong></span> 
     </span>
     <span class='ocr_line' id='line_1_10' title="bbox 219 893 2236 964; baseline -0.001 -13"><span class='ocrx_word' id='word_1_107' title='bbox 219 897 360 951; x_wconf 66' lang='lat' dir='ltr'><strong>cedat</strong></span> <span class='ocrx_word' id='word_1_108' title='bbox 395 895 613 962; x_wconf 62' lang='lat' dir='ltr'><strong>Halm„</strong></span> <span class='ocrx_word' id='word_1_109' title='bbox 649 895 794 950; x_wconf 80' lang='lat' dir='ltr'><strong>Bait.</strong></span> <span class='ocrx_word' id='word_1_110' title='bbox 837 925 904 936; x_wconf 92' lang='lat'><strong>--</strong></span> <span class='ocrx_word' id='word_1_111' title='bbox 939 893 1001 950; x_wconf 93' lang='lat' dir='ltr'><strong>P.</strong></span> <span class='ocrx_word' id='word_1_112' title='bbox 1043 900 1127 950; x_wconf 91' lang='grc'><strong>77.</strong></span> <span class='ocrx_word' id='word_1_113' title='bbox 1165 901 1198 950; x_wconf 88' lang='grc'><strong>5</strong></span> <span class='ocrx_word' id='word_1_114' title='bbox 1243 895 1482 950; x_wconf 80' lang='lat' dir='ltr'><strong>fortasse</strong></span> <span class='ocrx_word' id='word_1_115' title='bbox 1534 893 1759 964; x_wconf 77' lang='lat' dir='ltr'><strong>scripsit</strong></span> <span class='ocrx_word' id='word_1_116' title='bbox 1794 893 1985 950; x_wconf 87' lang='lat' dir='ltr'><strong>Cicero</strong></span> <span class='ocrx_word' id='word_1_117' title='bbox 2022 895 2118 949; x_wconf 85' lang='lat' dir='ltr'><strong>vel</strong></span> <span class='ocrx_word' id='word_1_118' title='bbox 2153 895 2236 948; x_wconf 83' lang='lat' dir='ltr'><strong>Et</strong></span> 
     </span>
     <span class='ocr_line' id='line_1_11' title="bbox 218 964 2235 1033; baseline 0 -14"><span class='ocrx_word' id='word_1_119' title='bbox 218 966 300 1019; x_wconf 78' lang='lat' dir='ltr'><strong>vel</strong></span> <span class='ocrx_word' id='word_1_120' title='bbox 341 965 464 1020; x_wconf 86' lang='lat' dir='ltr'><strong>Hic</strong></span> <span class='ocrx_word' id='word_1_121' title='bbox 507 967 736 1021; x_wconf 82' lang='lat' dir='ltr'><strong>dubium</strong></span> <span class='ocrx_word' id='word_1_122' title='bbox 771 971 862 1020; x_wconf 79' lang='lat' dir='ltr'><strong>est.</strong></span> <span class='ocrx_word' id='word_1_123' title='bbox 905 997 969 1006; x_wconf 91' lang='lat'><em>-</em></span> <span class='ocrx_word' id='word_1_124' title='bbox 1003 965 1086 1020; x_wconf 93' lang='lat' dir='ltr'><strong>Ib.</strong></span> <span class='ocrx_word' id='word_1_125' title='bbox 1133 967 1319 1020; x_wconf 80' lang='lat' dir='ltr'><strong>leviter</strong></span> <span class='ocrx_word' id='word_1_126' title='bbox 1352 971 1419 1020; x_wconf 79' lang='lat' dir='ltr'><strong>ut</strong></span> <span class='ocrx_word' id='word_1_127' title='bbox 1462 965 1645 1021; x_wconf 81' lang='lat' dir='ltr'><strong>dicam</strong></span> <span class='ocrx_word' id='word_1_128' title='bbox 1679 966 1830 1019; x_wconf 85' lang='lat' dir='ltr'><strong>recte</strong></span> <span class='ocrx_word' id='word_1_129' title='bbox 1869 964 2055 1033; x_wconf 77' lang='lat' dir='ltr'><strong>codd,</strong></span> <span class='ocrx_word' id='word_1_130' title='bbox 2101 982 2235 1020; x_wconf 86' lang='lat' dir='ltr'><strong>nam</strong></span> 
     </span>
     <span class='ocr_line' id='line_1_12' title="bbox 220 1035 2235 1104; baseline 0 -16"><span class='ocrx_word' id='word_1_131' title='bbox 220 1035 359 1103; x_wconf 89' lang='lat' dir='ltr'><strong>quod</strong></span> <span class='ocrx_word' id='word_1_132' title='bbox 393 1035 541 1092; x_wconf 88' lang='lat' dir='ltr'><strong>Bait.</strong></span> <span class='ocrx_word' id='word_1_133' title='bbox 579 1053 692 1090; x_wconf 84' lang='lat' dir='ltr'><strong>non</strong></span> <span class='ocrx_word' id='word_1_134' title='bbox 729 1036 910 1090; x_wconf 86' lang='lat' dir='ltr'><strong>solum</strong></span> <span class='ocrx_word' id='word_1_135' title='bbox 945 1035 1038 1090; x_wconf 89' lang='lat' dir='ltr'><strong>hic</strong></span> <span class='ocrx_word' id='word_1_136' title='bbox 1074 1035 1303 1090; x_wconf 83' lang='lat' dir='ltr'><strong>Davisio</strong></span> <span class='ocrx_word' id='word_1_137' title='bbox 1342 1037 1570 1090; x_wconf 86' lang='lat' dir='ltr'><strong>auctore</strong></span> <span class='ocrx_word' id='word_1_138' title='bbox 1608 1035 1831 1104; x_wconf 73' lang='lat' dir='ltr'><strong>scripsit</strong></span> <span class='ocrx_word' id='word_1_139' title='bbox 1866 1037 2081 1100; x_wconf 79' lang='lat' dir='ltr'><strong>leniter,</strong></span> <span class='ocrx_word' id='word_1_140' title='bbox 2136 1036 2235 1089; x_wconf 87' lang='lat' dir='ltr'><strong>sed</strong></span> 
     </span>
     <span class='ocr_line' id='line_1_13' title="bbox 221 1105 2231 1173; baseline 0 -14"><span class='ocrx_word' id='word_1_141' title='bbox 221 1105 381 1159; x_wconf 84' lang='lat' dir='ltr'><strong>etiam</strong></span> <span class='ocrx_word' id='word_1_142' title='bbox 427 1105 592 1173; x_wconf 87' lang='lat' dir='ltr'><strong>alibi,</strong></span> <span class='ocrx_word' id='word_1_143' title='bbox 638 1108 705 1161; x_wconf 89' lang='lat' dir='ltr'><strong>ut</strong></span> <span class='ocrx_word' id='word_1_144' title='bbox 744 1107 878 1160; x_wconf 84' lang='lat' dir='ltr'><strong>fam.</strong></span> <span class='ocrx_word' id='word_1_145' title='bbox 916 1107 996 1160; x_wconf 95' lang='lat' dir='ltr'><strong>III</strong></span> <span class='ocrx_word' id='word_1_146' title='bbox 1033 1112 1080 1162; x_wconf 83' lang='lat'><strong>6.</strong></span> <span class='ocrx_word' id='word_1_147' title='bbox 1119 1111 1178 1173; x_wconf 88' lang='grc'><strong>3,</strong></span> <span class='ocrx_word' id='word_1_148' title='bbox 1228 1111 1310 1159; x_wconf 92' lang='grc'><strong>10.</strong></span> <span class='ocrx_word' id='word_1_149' title='bbox 1342 1110 1401 1173; x_wconf 89' lang='grc'><strong>5,</strong></span> <span class='ocrx_word' id='word_1_150' title='bbox 1449 1111 1534 1161; x_wconf 93' lang='grc'><strong>11.</strong></span> <span class='ocrx_word' id='word_1_151' title='bbox 1578 1110 1636 1173; x_wconf 89' lang='grc'><strong>5,</strong></span> <span class='ocrx_word' id='word_1_152' title='bbox 1683 1105 1907 1160; x_wconf 84' lang='lat' dir='ltr'><strong>erravit.</strong></span> <span class='ocrx_word' id='word_1_153' title='bbox 1981 1105 2109 1160; x_wconf 90' lang='lat' dir='ltr'><strong>Vid.</strong></span> <span class='ocrx_word' id='word_1_154' title='bbox 2147 1105 2231 1160; x_wconf 82' lang='lat' dir='ltr'><strong>in-</strong></span> 
     </span>
     <span class='ocr_line' id='line_1_14' title="bbox 220 1175 2233 1245; baseline 0 -15"><span class='ocrx_word' id='word_1_155' title='bbox 220 1179 377 1244; x_wconf 86' lang='lat' dir='ltr'><strong>terpr.</strong></span> <span class='ocrx_word' id='word_1_156' title='bbox 417 1175 581 1230; x_wconf 83' lang='lat' dir='ltr'><strong>Tusc.</strong></span> <span class='ocrx_word' id='word_1_157' title='bbox 625 1176 654 1230; x_wconf 95' lang='lat' dir='ltr'>I</span> <span class='ocrx_word' id='word_1_158' title='bbox 688 1181 772 1231; x_wconf 82' lang='lat'><strong>40.</strong></span> <span class='ocrx_word' id='word_1_159' title='bbox 815 1181 882 1231; x_wconf 85' lang='lat'><strong>95</strong></span> <span class='ocrx_word' id='word_1_160' title='bbox 919 1177 1064 1245; x_wconf 73' lang='lat' dir='ltr'><strong>quod</strong></span> <span class='ocrx_word' id='word_1_161' title='bbox 1097 1176 1270 1230; x_wconf 83' lang='lat' dir='ltr'><strong>levius</strong></span> <span class='ocrx_word' id='word_1_162' title='bbox 1303 1176 1433 1230; x_wconf 79' lang='lat' dir='ltr'><strong>huic</strong></span> <span class='ocrx_word' id='word_1_163' title='bbox 1468 1177 1677 1230; x_wconf 79' lang='lat' dir='ltr'><strong>levitati</strong></span> <span class='ocrx_word' id='word_1_164' title='bbox 1710 1191 1903 1231; x_wconf 83' lang='lat' dir='ltr'><strong>nomen</strong></span> <span class='ocrx_word' id='word_1_165' title='bbox 1937 1177 2233 1243; x_wconf 75' lang='lat' dir='ltr'><strong>imponam,</strong></span> 
     </span>
     <span class='ocr_line' id='line_1_15' title="bbox 221 1245 2232 1315; baseline 0 -16"><span class='ocrx_word' id='word_1_166' title='bbox 221 1245 360 1314; x_wconf 89' lang='lat' dir='ltr'><strong>quod</strong></span> <span class='ocrx_word' id='word_1_167' title='bbox 408 1262 482 1300; x_wconf 84' lang='lat' dir='ltr'><strong>ne</strong></span> <span class='ocrx_word' id='word_1_168' title='bbox 531 1246 716 1315; x_wconf 85' lang='lat' dir='ltr'><strong>ipsum</strong></span> <span class='ocrx_word' id='word_1_169' title='bbox 771 1245 994 1315; x_wconf 85' lang='lat' dir='ltr'><strong>quidem</strong></span> <span class='ocrx_word' id='word_1_170' title='bbox 1044 1245 1246 1300; x_wconf 86' lang='lat' dir='ltr'><strong>Baiter.</strong></span> <span class='ocrx_word' id='word_1_171' title='bbox 1279 1245 1564 1314; x_wconf 83' lang='lat' dir='ltr'><strong>integrum</strong></span> <span class='ocrx_word' id='word_1_172' title='bbox 1613 1245 1868 1315; x_wconf 86' lang='lat' dir='ltr'><strong>reliquit,</strong></span> <span class='ocrx_word' id='word_1_173' title='bbox 1921 1245 2104 1302; x_wconf 87' lang='lat' dir='ltr'><strong>Halm.</strong></span> <span class='ocrx_word' id='word_1_174' title='bbox 2160 1247 2232 1301; x_wconf 89' lang='lat' dir='ltr'><strong>ad</strong></span> 
     </span>
     <span class='ocr_line' id='line_1_16' title="bbox 221 1315 2236 1386; baseline 0 -15"><span class='ocrx_word' id='word_1_175' title='bbox 221 1317 350 1371; x_wconf 82' lang='lat' dir='ltr'><strong>Sest.</strong></span> <span class='ocrx_word' id='word_1_176' title='bbox 397 1322 484 1370; x_wconf 88' lang='grc'><strong>69.</strong></span> <span class='ocrx_word' id='word_1_177' title='bbox 531 1321 632 1370; x_wconf 88' lang='grc'><strong>145</strong></span> <span class='ocrx_word' id='word_1_178' title='bbox 679 1331 762 1373; x_wconf 83' lang='lat' dir='ltr'><strong>ex.</strong></span> <span class='ocrx_word' id='word_1_179' title='bbox 809 1321 874 1371; x_wconf 81' lang='lat' dir='ltr'><strong>ut</strong></span> <span class='ocrx_word' id='word_1_180' title='bbox 915 1317 1174 1371; x_wconf 81' lang='lat' dir='ltr'><strong>levissime</strong></span> <span class='ocrx_word' id='word_1_181' title='bbox 1217 1316 1399 1372; x_wconf 79' lang='lat' dir='ltr'><strong>dicam</strong></span> <span class='ocrx_word' id='word_1_182' title='bbox 1444 1317 1504 1370; x_wconf 88' lang='lat' dir='ltr'><strong>et</strong></span> <span class='ocrx_word' id='word_1_183' title='bbox 1548 1315 1622 1370; x_wconf 89' lang='lat' dir='ltr'><strong>ad</strong></span> <span class='ocrx_word' id='word_1_184' title='bbox 1674 1315 1809 1372; x_wconf 86' lang='lat' dir='ltr'><strong>Sull.</strong></span> <span class='ocrx_word' id='word_1_185' title='bbox 1854 1322 1902 1370; x_wconf 92' lang='lat'><strong>1.</strong></span> <span class='ocrx_word' id='word_1_186' title='bbox 1940 1323 1973 1370; x_wconf 86' lang='lat'><strong>3</strong></span> <span class='ocrx_word' id='word_1_187' title='bbox 2008 1319 2236 1386; x_wconf 75' lang='lat' dir='ltr'><strong>yravius</strong></span> 
     </span>
     <span class='ocr_line' id='line_1_17' title="bbox 218 1385 2233 1456; baseline 0 -15"><span class='ocrx_word' id='word_1_188' title='bbox 218 1388 509 1451; x_wconf 79' lang='lat' dir='ltr'><strong>iudicium,</strong></span> <span class='ocrx_word' id='word_1_189' title='bbox 553 1385 655 1440; x_wconf 89' lang='lat' dir='ltr'><strong>int.</strong></span> <span class='ocrx_word' id='word_1_190' title='bbox 703 1385 859 1441; x_wconf 85' lang='lat' dir='ltr'><strong>Caes.</strong></span> <span class='ocrx_word' id='word_1_191' title='bbox 898 1386 1001 1441; x_wconf 85' lang='lat' dir='ltr'><strong>civ.</strong></span> <span class='ocrx_word' id='word_1_192' title='bbox 1039 1387 1067 1439; x_wconf 98' lang='lat' dir='ltr'>I</span> <span class='ocrx_word' id='word_1_193' title='bbox 1103 1392 1152 1443; x_wconf 91' lang='grc'><strong>2.</strong></span> <span class='ocrx_word' id='word_1_194' title='bbox 1183 1391 1216 1441; x_wconf 88' lang='lat'>8</span> <span class='ocrx_word' id='word_1_195' title='bbox 1253 1387 1548 1441; x_wconf 81' lang='lat' dir='ltr'><strong>sententiae</strong></span> <span class='ocrx_word' id='word_1_196' title='bbox 1581 1401 1770 1454; x_wconf 66' lang='lat' dir='ltr'><strong>pravos</strong></span> <span class='ocrx_word' id='word_1_197' title='bbox 1805 1385 1880 1452; x_wconf 91' lang='lat' dir='ltr'><strong>(II</strong></span> <span class='ocrx_word' id='word_1_198' title='bbox 1914 1392 1999 1440; x_wconf 89' lang='grc'><strong>32.</strong></span> <span class='ocrx_word' id='word_1_199' title='bbox 2030 1393 2063 1440; x_wconf 88' lang='grc'><strong>2</strong></span> <span class='ocrx_word' id='word_1_200' title='bbox 2107 1403 2233 1456; x_wconf 71' lang='lat' dir='ltr'><strong>yra-</strong></span> 
     </span>
     <span class='ocr_line' id='line_1_18' title="bbox 218 1455 2231 1525; baseline 0 -14"><span class='ocrx_word' id='word_1_201' title='bbox 218 1458 424 1511; x_wconf 77' lang='lat' dir='ltr'><strong>vissime</strong></span> <span class='ocrx_word' id='word_1_202' title='bbox 485 1457 870 1512; x_wconf 74' lang='lat' dir='ltr'><strong>iudicaverwnt</strong></span> <span class='ocrx_word' id='word_1_203' title='bbox 931 1455 1139 1525; x_wconf 84' lang='lat' dir='ltr'><strong>partim</strong></span> <span class='ocrx_word' id='word_1_204' title='bbox 1211 1471 1509 1525; x_wconf 88' lang='lat' dir='ltr'><strong>perperam</strong></span> <span class='ocrx_word' id='word_1_205' title='bbox 1568 1455 2053 1524; x_wconf 71' lang='lat' dir='ltr'><strong>interpretantur),</strong></span> <span class='ocrx_word' id='word_1_206' title='bbox 2120 1456 2231 1514; x_wconf 89' lang='lat' dir='ltr'><strong>Cic.</strong></span> 
     </span>
     <span class='ocr_line' id='line_1_19' title="bbox 222 1525 2235 1596; baseline -0 -14"><span class='ocrx_word' id='word_1_207' title='bbox 222 1526 434 1592; x_wconf 79' lang='lat' dir='ltr'><strong>Quinct.</strong></span> <span class='ocrx_word' id='word_1_208' title='bbox 477 1532 562 1582; x_wconf 87' lang='grc'><strong>18.</strong></span> <span class='ocrx_word' id='word_1_209' title='bbox 607 1530 673 1582; x_wconf 88' lang='grc'><strong>57</strong></span> <span class='ocrx_word' id='word_1_210' title='bbox 717 1527 980 1596; x_wconf 63' lang='grc' dir='ltr'><em>φναυίονα</em></span> <span class='ocrx_word' id='word_1_211' title='bbox 1021 1527 1184 1582; x_wconf 82' lang='lat' dir='ltr'><strong>verba</strong></span> <span class='ocrx_word' id='word_1_212' title='bbox 1223 1556 1290 1566; x_wconf 92' lang='lat'><strong>-—</strong></span> <span class='ocrx_word' id='word_1_213' title='bbox 1333 1527 1551 1581; x_wconf 77' lang='lat' dir='ltr'><strong>leviora.</strong></span> <span class='ocrx_word' id='word_1_214' title='bbox 1646 1525 1997 1595; x_wconf 82' lang='lat' dir='ltr'>Quamquam</span> <span class='ocrx_word' id='word_1_215' title='bbox 2046 1527 2235 1581; x_wconf 80' lang='lat' dir='ltr'><strong>leniter</strong></span> 
     </span>
     <span class='ocr_line' id='line_1_20' title="bbox 223 1595 2233 1666; baseline 0 -15"><span class='ocrx_word' id='word_1_216' title='bbox 223 1600 275 1651; x_wconf 85' lang='lat' dir='ltr'><strong>et</strong></span> <span class='ocrx_word' id='word_1_217' title='bbox 307 1613 496 1666; x_wconf 80' lang='lat' dir='ltr'><strong>aspere</strong></span> <span class='ocrx_word' id='word_1_218' title='bbox 531 1597 705 1652; x_wconf 83' lang='lat' dir='ltr'><strong>dicere</strong></span> <span class='ocrx_word' id='word_1_219' title='bbox 739 1612 854 1650; x_wconf 87' lang='lat' dir='ltr'><strong>non</strong></span> <span class='ocrx_word' id='word_1_220' title='bbox 887 1595 1215 1654; x_wconf 82' lang='lat' dir='ltr'><strong>inusitatum</strong></span> <span class='ocrx_word' id='word_1_221' title='bbox 1251 1597 1362 1662; x_wconf 83' lang='lat' dir='ltr'><strong>est3</strong></span> <span class='ocrx_word' id='word_1_222' title='bbox 1410 1596 1511 1650; x_wconf 86' lang='lat' dir='ltr'><strong>sed</strong></span> <span class='ocrx_word' id='word_1_223' title='bbox 1552 1597 1743 1652; x_wconf 88' lang='lat' dir='ltr'><strong>tamen</strong></span> <span class='ocrx_word' id='word_1_224' title='bbox 1793 1597 2117 1651; x_wconf 85' lang='lat' dir='ltr'><strong>constanter</strong></span> <span class='ocrx_word' id='word_1_225' title='bbox 2152 1598 2233 1651; x_wconf 92' lang='lat' dir='ltr'><strong>di-</strong></span> 
     </span>
     <span class='ocr_line' id='line_1_21' title="bbox 223 1666 2233 1736; baseline 0.001 -15"><span class='ocrx_word' id='word_1_226' title='bbox 223 1666 357 1722; x_wconf 87' lang='lat' dir='ltr'><strong>citur</strong></span> <span class='ocrx_word' id='word_1_227' title='bbox 391 1671 459 1722; x_wconf 79' lang='lat' dir='ltr'><strong>ut</strong></span> <span class='ocrx_word' id='word_1_228' title='bbox 494 1667 678 1722; x_wconf 82' lang='lat' dir='ltr'><strong>leviter</strong></span> <span class='ocrx_word' id='word_1_229' title='bbox 713 1668 919 1732; x_wconf 83' lang='lat' dir='ltr'><strong>dicam,</strong></span> <span class='ocrx_word' id='word_1_230' title='bbox 953 1683 1022 1722; x_wconf 80' lang='lat' dir='ltr'><strong>ne</strong></span> <span class='ocrx_word' id='word_1_231' title='bbox 1055 1668 1237 1723; x_wconf 78' lang='lat' dir='ltr'><strong>dicam</strong></span> <span class='ocrx_word' id='word_1_232' title='bbox 1271 1668 1500 1736; x_wconf 64' lang='lat' dir='ltr'><strong>aravius</strong></span> <span class='ocrx_word' id='word_1_233' title='bbox 1536 1668 1670 1734; x_wconf 85' lang='lat' dir='ltr'><strong>etc.;</strong></span> <span class='ocrx_word' id='word_1_234' title='bbox 1709 1667 1779 1722; x_wconf 87' lang='lat' dir='ltr'><strong>cf.</strong></span> <span class='ocrx_word' id='word_1_235' title='bbox 1817 1685 1871 1736; x_wconf 89' lang='lat' dir='ltr'><strong>p.</strong></span> <span class='ocrx_word' id='word_1_236' title='bbox 1902 1673 2022 1722; x_wconf 89' lang='grc'><strong>347.</strong></span> <span class='ocrx_word' id='word_1_237' title='bbox 2052 1673 2136 1724; x_wconf 88' lang='grc'><strong>25.</strong></span> <span class='ocrx_word' id='word_1_238' title='bbox 2166 1699 2233 1709; x_wconf 92' lang='grc'>-</span> 
     </span>
     <span class='ocr_line' id='line_1_22' title="bbox 221 1736 2237 1805; baseline 0 -15"><span class='ocrx_word' id='word_1_239' title='bbox 221 1737 276 1792; x_wconf 92' lang='grc' dir='ltr'><strong>Ρ.</strong></span> <span class='ocrx_word' id='word_1_240' title='bbox 328 1743 412 1793; x_wconf 90' lang='grc'><strong>77.</strong></span> <span class='ocrx_word' id='word_1_241' title='bbox 456 1743 520 1791; x_wconf 91' lang='grc'><strong>11</strong></span> <span class='ocrx_word' id='word_1_242' title='bbox 568 1736 798 1792; x_wconf 84' lang='lat' dir='ltr'><strong>minima</strong></span> <span class='ocrx_word' id='word_1_243' title='bbox 847 1737 1032 1805; x_wconf 91' lang='lat' dir='ltr'><strong>codd.,</strong></span> <span class='ocrx_word' id='word_1_244' title='bbox 1081 1739 1298 1792; x_wconf 78' lang='lat' dir='ltr'><strong>minuta</strong></span> <span class='ocrx_word' id='word_1_245' title='bbox 1342 1736 1613 1792; x_wconf 90' lang='lat' dir='ltr'><strong>Lambino</strong></span> <span class='ocrx_word' id='word_1_246' title='bbox 1666 1737 1893 1791; x_wconf 86' lang='lat' dir='ltr'><strong>auctore</strong></span> <span class='ocrx_word' id='word_1_247' title='bbox 1941 1736 2127 1791; x_wconf 84' lang='lat' dir='ltr'><strong>Halm.</strong></span> <span class='ocrx_word' id='word_1_248' title='bbox 2180 1741 2237 1791; x_wconf 88' lang='lat' dir='ltr'><strong>et</strong></span> 
     </span>
     <span class='ocr_line' id='line_1_23' title="bbox 219 1806 2234 1877; baseline 0 -16"><span class='ocrx_word' id='word_1_249' title='bbox 219 1807 451 1874; x_wconf 65' lang='lat' dir='ltr'><strong>Baiter„</strong></span> <span class='ocrx_word' id='word_1_250' title='bbox 500 1806 600 1862; x_wconf 84' lang='lat' dir='ltr'><strong>sed</strong></span> <span class='ocrx_word' id='word_1_251' title='bbox 632 1825 685 1862; x_wconf 84' lang='lat' dir='ltr'><strong>v.</strong></span> <span class='ocrx_word' id='word_1_252' title='bbox 723 1825 778 1877; x_wconf 91' lang='lat' dir='ltr'><strong>p.</strong></span> <span class='ocrx_word' id='word_1_253' title='bbox 817 1813 936 1863; x_wconf 89' lang='grc'><strong>268.</strong></span> <span class='ocrx_word' id='word_1_254' title='bbox 965 1814 1034 1864; x_wconf 86' lang='grc'><strong>26</strong></span> <span class='ocrx_word' id='word_1_255' title='bbox 1073 1807 1276 1877; x_wconf 85' lang='lat' dir='ltr'><strong>(Madv.</strong></span> <span class='ocrx_word' id='word_1_256' title='bbox 1316 1825 1371 1877; x_wconf 91' lang='lat' dir='ltr'><strong>p.</strong></span> <span class='ocrx_word' id='word_1_257' title='bbox 1412 1808 1537 1873; x_wconf 88' lang='grc'><strong>743)</strong></span> <span class='ocrx_word' id='word_1_258' title='bbox 1584 1806 1787 1875; x_wconf 73' lang='lat' dir='ltr'><strong>exiqua</strong></span> <span class='ocrx_word' id='word_1_259' title='bbox 1832 1811 1882 1860; x_wconf 84' lang='lat' dir='ltr'><strong>et</strong></span> <span class='ocrx_word' id='word_1_260' title='bbox 1922 1823 2101 1876; x_wconf 78' lang='lat' dir='ltr'><strong>paene</strong></span> <span class='ocrx_word' id='word_1_261' title='bbox 2134 1810 2234 1862; x_wconf 87' lang='lat' dir='ltr'><strong>mi-</strong></span> 
     </span>
     <span class='ocr_line' id='line_1_24' title="bbox 219 1877 2235 1947; baseline 0 -15"><span class='ocrx_word' id='word_1_262' title='bbox 219 1880 393 1944; x_wconf 81' lang='lat' dir='ltr'><strong>nima,</strong></span> <span class='ocrx_word' id='word_1_263' title='bbox 429 1877 611 1931; x_wconf 86' lang='lat' dir='ltr'><strong>Amm.</strong></span> <span class='ocrx_word' id='word_1_264' title='bbox 640 1878 813 1934; x_wconf 85' lang='lat' dir='ltr'><strong>Marc.</strong></span> <span class='ocrx_word' id='word_1_265' title='bbox 841 1878 972 1932; x_wconf 89' lang='lat' dir='ltr'><strong>XIV</strong></span> <span class='ocrx_word' id='word_1_266' title='bbox 1001 1885 1050 1934; x_wconf 95' lang='grc'><strong>6.</strong></span> <span class='ocrx_word' id='word_1_267' title='bbox 1080 1881 1113 1931; x_wconf 88' lang='grc'><strong>8</strong></span> <span class='ocrx_word' id='word_1_268' title='bbox 1143 1879 1345 1947; x_wconf 72' lang='lat' dir='ltr'><strong>exiyua</strong></span> <span class='ocrx_word' id='word_1_269' title='bbox 1370 1877 1501 1932; x_wconf 77' lang='lat' dir='ltr'><strong>haec</strong></span> <span class='ocrx_word' id='word_1_270' title='bbox 1526 1881 1577 1931; x_wconf 68' lang='lat' dir='ltr'><em>d</em></span> <span class='ocrx_word' id='word_1_271' title='bbox 1609 1877 1841 1931; x_wconf 84' lang='lat' dir='ltr'><strong>minima</strong></span> <span class='ocrx_word' id='word_1_272' title='bbox 1869 1877 1959 1945; x_wconf 93' lang='lat' dir='ltr'><strong>(H.</strong></span> <span class='ocrx_word' id='word_1_273' title='bbox 1989 1877 2235 1933; x_wconf 87' lang='lat' dir='ltr'><strong>Michael</strong></span> 
     </span>
     <span class='ocr_line' id='line_1_25' title="bbox 222 1946 2235 2018; baseline 0.001 -17"><span class='ocrx_word' id='word_1_274' title='bbox 222 1948 288 2002; x_wconf 87' lang='lat' dir='ltr'><strong>de</strong></span> <span class='ocrx_word' id='word_1_275' title='bbox 329 1948 512 2003; x_wconf 89' lang='lat' dir='ltr'><strong>Amm.</strong></span> <span class='ocrx_word' id='word_1_276' title='bbox 560 1947 731 2004; x_wconf 72' lang='lat' dir='ltr'><strong>Marc.</strong></span> <span class='ocrx_word' id='word_1_277' title='bbox 779 1948 978 2002; x_wconf 82' lang='lat' dir='ltr'><strong>studiis</strong></span> <span class='ocrx_word' id='word_1_278' title='bbox 1028 1946 1431 2016; x_wconf 53' lang='lat' dir='ltr'><strong>Ciceronianis,⁴</strong></span> <span class='ocrx_word' id='word_1_279' title='bbox 1477 1946 1703 2003; x_wconf 85' lang='lat' dir='ltr'><strong>Vratisl.</strong></span> <span class='ocrx_word' id='word_1_280' title='bbox 1744 1953 1882 2003; x_wconf 90' lang='grc'><strong>1874</strong></span> <span class='ocrx_word' id='word_1_281' title='bbox 1926 1967 1981 2018; x_wconf 88' lang='lat' dir='ltr'><strong>p.</strong></span> <span class='ocrx_word' id='word_1_282' title='bbox 2020 1951 2126 2018; x_wconf 89' lang='grc'><strong>31).</strong></span> <span class='ocrx_word' id='word_1_283' title='bbox 2168 1980 2235 1990; x_wconf 93' lang='grc'>-</span> 
     </span>
     <span class='ocr_line' id='line_1_26' title="bbox 221 2017 2235 2089; baseline 0.002 -18"><span class='ocrx_word' id='word_1_284' title='bbox 221 2017 280 2074; x_wconf 91' lang='grc' dir='ltr'><strong>Ρ.</strong></span> <span class='ocrx_word' id='word_1_285' title='bbox 308 2024 390 2073; x_wconf 87' lang='grc'><strong>77.</strong></span> <span class='ocrx_word' id='word_1_286' title='bbox 421 2025 489 2073; x_wconf 91' lang='grc'><strong>31</strong></span> <span class='ocrx_word' id='word_1_287' title='bbox 520 2035 626 2087; x_wconf 79' lang='lat' dir='ltr'><strong>quo</strong></span> <span class='ocrx_word' id='word_1_288' title='bbox 650 2020 833 2074; x_wconf 83' lang='lat' dir='ltr'><strong>modo</strong></span> <span class='ocrx_word' id='word_1_289' title='bbox 859 2019 1063 2086; x_wconf 77' lang='lat' dir='ltr'><strong>Halm,</strong></span> <span class='ocrx_word' id='word_1_290' title='bbox 1091 2018 1298 2074; x_wconf 82' lang='lat' dir='ltr'><strong>Baiter.</strong></span> <span class='ocrx_word' id='word_1_291' title='bbox 1330 2049 1396 2058; x_wconf 91' lang='lat'>-</span> <span class='ocrx_word' id='word_1_292' title='bbox 1422 2017 1486 2074; x_wconf 91' lang='lat' dir='ltr'><strong>P.</strong></span> <span class='ocrx_word' id='word_1_293' title='bbox 1516 2024 1597 2073; x_wconf 92' lang='grc'><strong>78.</strong></span> <span class='ocrx_word' id='word_1_294' title='bbox 1630 2025 1662 2072; x_wconf 94' lang='grc'><strong>6</strong></span> <span class='ocrx_word' id='word_1_295' title='bbox 1690 2035 1772 2086; x_wconf 87' lang='lat' dir='ltr'><strong>sq.</strong></span> <span class='ocrx_word' id='word_1_296' title='bbox 1804 2018 1929 2089; x_wconf 74' lang='lat' dir='ltr'><strong>Qua</strong></span> <span class='ocrx_word' id='word_1_297' title='bbox 1955 2020 2020 2074; x_wconf 85' lang='lat' dir='ltr'><strong>de</strong></span> <span class='ocrx_word' id='word_1_298' title='bbox 2044 2035 2105 2075; x_wconf 83' lang='lat' dir='ltr'><strong>re</strong></span> <span class='ocrx_word' id='word_1_299' title='bbox 2130 2021 2235 2089; x_wconf 73' lang='lat' dir='ltr'><strong>iqi-</strong></span> 
     </span>
     <span class='ocr_line' id='line_1_27' title="bbox 221 2088 2234 2158; baseline -0 -14"><span class='ocrx_word' id='word_1_300' title='bbox 221 2093 309 2144; x_wconf 73' lang='lat' dir='ltr'><strong>mr</strong></span> <span class='ocrx_word' id='word_1_301' title='bbox 337 2120 402 2128; x_wconf 92' lang='lat'><strong>—</strong></span> <span class='ocrx_word' id='word_1_302' title='bbox 432 2089 695 2144; x_wconf 75' lang='lat' dir='ltr'><strong>dissensio</strong></span> <span class='ocrx_word' id='word_1_303' title='bbox 721 2088 839 2144; x_wconf 73' lang='lat' dir='ltr'><strong>est?</strong></span> <span class='ocrx_word' id='word_1_304' title='bbox 894 2089 1093 2156; x_wconf 87' lang='lat' dir='ltr'><strong>Klotz.,</strong></span> <span class='ocrx_word' id='word_1_305' title='bbox 1131 2088 1294 2158; x_wconf 65' lang='lat' dir='ltr'><strong>Bait„</strong></span> <span class='ocrx_word' id='word_1_306' title='bbox 1332 2088 1492 2143; x_wconf 84' lang='lat' dir='ltr'><strong>codd.</strong></span> <span class='ocrx_word' id='word_1_307' title='bbox 1529 2089 1791 2144; x_wconf 75' lang='lat' dir='ltr'><strong>dissensio</strong></span> <span class='ocrx_word' id='word_1_308' title='bbox 1826 2095 1886 2144; x_wconf 85' lang='lat' dir='ltr'><strong>et</strong></span> <span class='ocrx_word' id='word_1_309' title='bbox 1920 2091 2121 2146; x_wconf 84' lang='lat' dir='ltr'><strong>omitto.</strong></span> <span class='ocrx_word' id='word_1_310' title='bbox 2167 2121 2234 2130; x_wconf 92' lang='lat'><strong>-—-</strong></span> 
     </span>
     <span class='ocr_line' id='line_1_28' title="bbox 221 2157 2234 2226; baseline 0.002 -15"><span class='ocrx_word' id='word_1_311' title='bbox 221 2157 279 2212; x_wconf 92' lang='lat' dir='ltr'><strong>P.</strong></span> <span class='ocrx_word' id='word_1_312' title='bbox 310 2164 394 2215; x_wconf 89' lang='grc'><strong>78.</strong></span> <span class='ocrx_word' id='word_1_313' title='bbox 426 2163 461 2212; x_wconf 89' lang='grc'><strong>8</strong></span> <span class='ocrx_word' id='word_1_314' title='bbox 497 2165 561 2214; x_wconf 85' lang='lat' dir='ltr'><strong>ut</strong></span> <span class='ocrx_word' id='word_1_315' title='bbox 594 2159 872 2214; x_wconf 72' lang='lat' dir='ltr'><strong>Hei-illum</strong></span> <span class='ocrx_word' id='word_1_316' title='bbox 905 2159 1064 2226; x_wconf 61' lang='lat' dir='ltr'><strong>Dav„</strong></span> <span class='ocrx_word' id='word_1_317' title='bbox 1098 2159 1283 2215; x_wconf 86' lang='lat' dir='ltr'><strong>Halm.</strong></span> <span class='ocrx_word' id='word_1_318' title='bbox 1328 2190 1396 2200; x_wconf 90' lang='lat'><em>-</em></span> <span class='ocrx_word' id='word_1_319' title='bbox 1430 2158 1493 2211; x_wconf 93' lang='lat' dir='ltr'><strong>P.</strong></span> <span class='ocrx_word' id='word_1_320' title='bbox 1526 2164 1606 2215; x_wconf 89' lang='grc'><strong>78.</strong></span> <span class='ocrx_word' id='word_1_321' title='bbox 1638 2165 1706 2214; x_wconf 86' lang='grc'><strong>32</strong></span> <span class='ocrx_word' id='word_1_322' title='bbox 1742 2160 1873 2215; x_wconf 79' lang='lat' dir='ltr'><strong>haec</strong></span> <span class='ocrx_word' id='word_1_323' title='bbox 1906 2176 2057 2215; x_wconf 86' lang='lat' dir='ltr'><strong>nunc</strong></span> <span class='ocrx_word' id='word_1_324' title='bbox 2090 2161 2234 2216; x_wconf 80' lang='lat' dir='ltr'><strong>vide-</strong></span> 
     </span>
     <span class='ocr_line' id='line_1_29' title="bbox 222 2229 2237 2299; baseline 0.001 -16"><span class='ocrx_word' id='word_1_325' title='bbox 222 2245 399 2296; x_wconf 82' lang='lat' dir='ltr'><strong>amus,</strong></span> <span class='ocrx_word' id='word_1_326' title='bbox 434 2245 574 2299; x_wconf 76' lang='lat' dir='ltr'><strong>quae</strong></span> <span class='ocrx_word' id='word_1_327' title='bbox 597 2229 816 2299; x_wconf 86' lang='lat' dir='ltr'><strong>Lamb.,</strong></span> <span class='ocrx_word' id='word_1_328' title='bbox 840 2230 1012 2296; x_wconf 69' lang='lat' dir='ltr'><strong>Bait,</strong></span> <span class='ocrx_word' id='word_1_329' title='bbox 1047 2231 1179 2285; x_wconf 77' lang='lat' dir='ltr'><strong>haec</strong></span> <span class='ocrx_word' id='word_1_330' title='bbox 1211 2231 1493 2285; x_wconf 79' lang='lat' dir='ltr'><strong>videamus</strong></span> <span class='ocrx_word' id='word_1_331' title='bbox 1527 2245 1666 2298; x_wconf 76' lang='lat' dir='ltr'><strong>quae</strong></span> <span class='ocrx_word' id='word_1_332' title='bbox 1690 2246 1842 2285; x_wconf 86' lang='lat' dir='ltr'><strong>nunc</strong></span> <span class='ocrx_word' id='word_1_333' title='bbox 1881 2230 2039 2284; x_wconf 86' lang='lat' dir='ltr'><strong>codd.</strong></span> <span class='ocrx_word' id='word_1_334' title='bbox 2055 2273 2069 2298; x_wconf 92' lang='lat'>,</span> <span class='ocrx_word' id='word_1_335' title='bbox 2107 2231 2237 2286; x_wconf 79' lang='lat' dir='ltr'><strong>haec</strong></span> 
     </span>
     <span class='ocr_line' id='line_1_30' title="bbox 221 2299 2235 2370; baseline 0 -16"><span class='ocrx_word' id='word_1_336' title='bbox 221 2299 434 2370; x_wconf 71' lang='lat' dir='ltr'><strong>[nunc]</strong></span> <span class='ocrx_word' id='word_1_337' title='bbox 457 2301 754 2366; x_wconf 80' lang='lat' dir='ltr'><strong>videamus,</strong></span> <span class='ocrx_word' id='word_1_338' title='bbox 795 2317 933 2369; x_wconf 76' lang='lat' dir='ltr'><strong>quae</strong></span> <span class='ocrx_word' id='word_1_339' title='bbox 956 2300 1141 2354; x_wconf 88' lang='lat' dir='ltr'><strong>Halm.</strong></span> <span class='ocrx_word' id='word_1_340' title='bbox 1173 2330 1240 2340; x_wconf 93' lang='lat'><strong>--</strong></span> <span class='ocrx_word' id='word_1_341' title='bbox 1268 2300 1329 2356; x_wconf 92' lang='lat' dir='ltr'><strong>P.</strong></span> <span class='ocrx_word' id='word_1_342' title='bbox 1360 2305 1443 2357; x_wconf 88' lang='grc'><strong>79.</strong></span> <span class='ocrx_word' id='word_1_343' title='bbox 1476 2306 1503 2353; x_wconf 91' lang='grc'><strong>1</strong></span> <span class='ocrx_word' id='word_1_344' title='bbox 1532 2301 1681 2366; x_wconf 73' lang='lat' dir='ltr'><strong>finis</strong></span> <span class='ocrx_word' id='word_1_345' title='bbox 1719 2302 1833 2368; x_wconf 84' lang='lat' dir='ltr'><strong>opt.</strong></span> <span class='ocrx_word' id='word_1_346' title='bbox 1865 2300 2044 2368; x_wconf 79' lang='lat' dir='ltr'><strong>codd,</strong></span> <span class='ocrx_word' id='word_1_347' title='bbox 2070 2300 2235 2368; x_wconf 74' lang='lat' dir='ltr'><strong>Bait,</strong></span> 
     </span>
     <span class='ocr_line' id='line_1_31' title="bbox 219 2369 2237 2438; baseline 0.001 -14"><span class='ocrx_word' id='word_1_348' title='bbox 219 2371 394 2435; x_wconf 77' lang='lat' dir='ltr'><strong>finem</strong></span> <span class='ocrx_word' id='word_1_349' title='bbox 420 2370 605 2427; x_wconf 87' lang='lat' dir='ltr'><strong>Halm.</strong></span> <span class='ocrx_word' id='word_1_350' title='bbox 635 2386 665 2424; x_wconf 89' lang='lat' dir='ltr'><strong>e</strong></span> <span class='ocrx_word' id='word_1_351' title='bbox 694 2371 897 2425; x_wconf 87' lang='lat' dir='ltr'><strong>deterr.</strong></span> <span class='ocrx_word' id='word_1_352' title='bbox 920 2401 986 2412; x_wconf 89' lang='lat'><strong>-—</strong></span> <span class='ocrx_word' id='word_1_353' title='bbox 1005 2369 1066 2424; x_wconf 94' lang='lat' dir='ltr'><strong>P.</strong></span> <span class='ocrx_word' id='word_1_354' title='bbox 1090 2377 1174 2425; x_wconf 91' lang='grc'><strong>79.</strong></span> <span class='ocrx_word' id='word_1_355' title='bbox 1196 2376 1263 2426; x_wconf 89' lang='grc'><strong>23</strong></span> <span class='ocrx_word' id='word_1_356' title='bbox 1291 2386 1495 2426; x_wconf 81' lang='lat' dir='ltr'><strong>necesse</strong></span> <span class='ocrx_word' id='word_1_357' title='bbox 1521 2376 1598 2426; x_wconf 84' lang='lat' dir='ltr'><strong>est</strong></span> <span class='ocrx_word' id='word_1_358' title='bbox 1624 2370 1834 2438; x_wconf 86' lang='lat' dir='ltr'><strong>addidi,</strong></span> <span class='ocrx_word' id='word_1_359' title='bbox 1862 2372 2237 2427; x_wconf 83' lang='lat' dir='ltr'><strong>constituetur</strong></span> 
     </span>
     <span class='ocr_line' id='line_1_32' title="bbox 219 2439 2236 2509; baseline 0 -15"><span class='ocrx_word' id='word_1_360' title='bbox 219 2439 428 2509; x_wconf 87' lang='lat' dir='ltr'><strong>Lamb.,</strong></span> <span class='ocrx_word' id='word_1_361' title='bbox 455 2440 606 2508; x_wconf 66' lang='lat' dir='ltr'><strong>Em„</strong></span> <span class='ocrx_word' id='word_1_362' title='bbox 633 2440 777 2495; x_wconf 87' lang='lat' dir='ltr'><strong>Bait.</strong></span> <span class='ocrx_word' id='word_1_363' title='bbox 809 2471 874 2481; x_wconf 95' lang='lat'><strong>—</strong></span> <span class='ocrx_word' id='word_1_364' title='bbox 903 2439 965 2496; x_wconf 92' lang='lat' dir='ltr'><strong>P.</strong></span> <span class='ocrx_word' id='word_1_365' title='bbox 998 2447 1082 2496; x_wconf 95' lang='grc'><strong>79.</strong></span> <span class='ocrx_word' id='word_1_366' title='bbox 1111 2447 1177 2496; x_wconf 89' lang='grc'><strong>31</strong></span> <span class='ocrx_word' id='word_1_367' title='bbox 1206 2441 1352 2497; x_wconf 78' lang='lat' dir='ltr'><strong>nihil</strong></span> <span class='ocrx_word' id='word_1_368' title='bbox 1376 2439 1563 2496; x_wconf 80' lang='lat' dir='ltr'><strong>dicitis</strong></span> <span class='ocrx_word' id='word_1_369' title='bbox 1590 2471 1657 2480; x_wconf 92' lang='lat'><strong>--</strong></span> <span class='ocrx_word' id='word_1_370' title='bbox 1678 2442 1918 2496; x_wconf 79' lang='lat' dir='ltr'><strong>alienum</strong></span> <span class='ocrx_word' id='word_1_371' title='bbox 1946 2456 2053 2495; x_wconf 82' lang='lat' dir='ltr'><strong>esse</strong></span> <span class='ocrx_word' id='word_1_372' title='bbox 2070 2441 2236 2507; x_wconf 63' lang='lat' dir='ltr'><strong>Bait„</strong></span> 
     </span>
     <span class='ocr_line' id='line_1_33' title="bbox 220 2508 2239 2578; baseline -0 -13"><span class='ocrx_word' id='word_1_373' title='bbox 220 2510 338 2578; x_wconf 81' lang='lat' dir='ltr'><strong>alL‚</strong></span> <span class='ocrx_word' id='word_1_374' title='bbox 385 2511 532 2566; x_wconf 69' lang='lat' dir='ltr'><strong>mm</strong></span> <span class='ocrx_word' id='word_1_375' title='bbox 580 2526 688 2566; x_wconf 79' lang='lat' dir='ltr'><strong>esse</strong></span> <span class='ocrx_word' id='word_1_376' title='bbox 735 2512 921 2566; x_wconf 72' lang='lat' dir='ltr'><strong>dicitis</strong></span> <span class='ocrx_word' id='word_1_377' title='bbox 971 2541 1038 2552; x_wconf 91' lang='lat'><strong>·-</strong></span> <span class='ocrx_word' id='word_1_378' title='bbox 1092 2511 1333 2567; x_wconf 79' lang='lat' dir='ltr'><strong>alienum</strong></span> <span class='ocrx_word' id='word_1_379' title='bbox 1368 2527 1475 2567; x_wconf 83' lang='lat' dir='ltr'><strong>esse</strong></span> <span class='ocrx_word' id='word_1_380' title='bbox 1511 2510 1669 2566; x_wconf 88' lang='lat' dir='ltr'><strong>codd.</strong></span> <span class='ocrx_word' id='word_1_381' title='bbox 1720 2541 1785 2551; x_wconf 93' lang='lat'>—</span> <span class='ocrx_word' id='word_1_382' title='bbox 1831 2508 1895 2563; x_wconf 94' lang='lat' dir='ltr'><strong>P.</strong></span> <span class='ocrx_word' id='word_1_383' title='bbox 1936 2515 2020 2564; x_wconf 91' lang='grc'><strong>79.</strong></span> <span class='ocrx_word' id='word_1_384' title='bbox 2060 2515 2129 2564; x_wconf 91' lang='grc'><strong>34</strong></span> <span class='ocrx_word' id='word_1_385' title='bbox 2164 2512 2239 2564; x_wconf 82' lang='lat' dir='ltr'><strong>sit</strong></span> 
     </span>
     <span class='ocr_line' id='line_1_34' title="bbox 219 2578 2235 2650; baseline -0.001 -16"><span class='ocrx_word' id='word_1_386' title='bbox 219 2583 438 2649; x_wconf 75' lang='lat' dir='ltr'><strong>sapiens</strong></span> <span class='ocrx_word' id='word_1_387' title='bbox 469 2611 538 2622; x_wconf 93' lang='lat'><em>-</em></span> <span class='ocrx_word' id='word_1_388' title='bbox 565 2586 795 2650; x_wconf 77' lang='lat' dir='ltr'><strong>utroque</strong></span> <span class='ocrx_word' id='word_1_389' title='bbox 829 2581 960 2636; x_wconf 89' lang='lat' dir='ltr'><strong>add.</strong></span> <span class='ocrx_word' id='word_1_390' title='bbox 994 2581 1204 2650; x_wconf 90' lang='lat' dir='ltr'><strong>Lamb.,</strong></span> <span class='ocrx_word' id='word_1_391' title='bbox 1241 2581 1387 2637; x_wconf 89' lang='lat' dir='ltr'><strong>Bait.</strong></span> <span class='ocrx_word' id='word_1_392' title='bbox 1403 2622 1419 2647; x_wconf 92' lang='lat'>,</span> <span class='ocrx_word' id='word_1_393' title='bbox 1452 2585 1490 2646; x_wconf 81' lang='lat'>†</span> <span class='ocrx_word' id='word_1_394' title='bbox 1524 2581 1577 2634; x_wconf 84' lang='lat' dir='ltr'><strong>si</strong></span> <span class='ocrx_word' id='word_1_395' title='bbox 1611 2596 1906 2649; x_wconf 78' lang='lat' dir='ltr'><strong>nwnquam</strong></span> <span class='ocrx_word' id='word_1_396' title='bbox 1942 2578 2126 2633; x_wconf 87' lang='lat' dir='ltr'><strong>Halm.</strong></span> <span class='ocrx_word' id='word_1_397' title='bbox 2168 2611 2235 2619; x_wconf 93' lang='lat'>—</span> 
     </span>
     <span class='ocr_line' id='line_1_35' title="bbox 219 2647 2235 2720; baseline 0.002 -18"><span class='ocrx_word' id='word_1_398' title='bbox 219 2649 280 2704; x_wconf 91' lang='lat' dir='ltr'><strong>P.</strong></span> <span class='ocrx_word' id='word_1_399' title='bbox 319 2657 406 2705; x_wconf 87' lang='grc'><strong>79.</strong></span> <span class='ocrx_word' id='word_1_400' title='bbox 437 2655 505 2706; x_wconf 88' lang='grc'><strong>37</strong></span> <span class='ocrx_word' id='word_1_401' title='bbox 539 2666 652 2706; x_wconf 83' lang='lat' dir='ltr'><strong>non</strong></span> <span class='ocrx_word' id='word_1_402' title='bbox 687 2667 797 2706; x_wconf 82' lang='lat' dir='ltr'><strong>esse</strong></span> <span class='ocrx_word' id='word_1_403' title='bbox 831 2651 935 2706; x_wconf 82' lang='lat' dir='ltr'><strong>illa</strong></span> <span class='ocrx_word' id='word_1_404' title='bbox 961 2653 1258 2720; x_wconf 79' lang='lat' dir='ltr'><strong>probanda</strong></span> <span class='ocrx_word' id='word_1_405' title='bbox 1291 2648 1575 2719; x_wconf 72' lang='lat' dir='ltr'><strong>sapienti?</strong></span> <span class='ocrx_word' id='word_1_406' title='bbox 1630 2648 1850 2716; x_wconf 88' lang='lat' dir='ltr'><strong>Lamb.,</strong></span> <span class='ocrx_word' id='word_1_407' title='bbox 1886 2647 2030 2706; x_wconf 84' lang='lat' dir='ltr'><strong>Bait.</strong></span> <span class='ocrx_word' id='word_1_408' title='bbox 2070 2681 2137 2689; x_wconf 95' lang='lat'>—</span> <span class='ocrx_word' id='word_1_409' title='bbox 2174 2650 2235 2706; x_wconf 94' lang='lat' dir='ltr'><strong>P.</strong></span> 
     </span>
     <span class='ocr_line' id='line_1_36' title="bbox 221 2718 2239 2790; baseline 0.001 -16"><span class='ocrx_word' id='word_1_410' title='bbox 221 2727 303 2776; x_wconf 89' lang='grc'><strong>81.</strong></span> <span class='ocrx_word' id='word_1_411' title='bbox 333 2725 402 2776; x_wconf 91' lang='grc'><strong>28</strong></span> <span class='ocrx_word' id='word_1_412' title='bbox 440 2725 516 2786; x_wconf 79' lang='lat' dir='ltr'><strong>et,</strong></span> <span class='ocrx_word' id='word_1_413' title='bbox 563 2739 616 2776; x_wconf 85' lang='lat' dir='ltr'><strong>v.</strong></span> <span class='ocrx_word' id='word_1_414' title='bbox 653 2727 724 2776; x_wconf 90' lang='grc'><strong>34</strong></span> <span class='ocrx_word' id='word_1_415' title='bbox 759 2721 986 2776; x_wconf 87' lang='lat' dir='ltr'><strong>Halmio</strong></span> <span class='ocrx_word' id='word_1_416' title='bbox 1024 2725 1250 2777; x_wconf 80' lang='lat' dir='ltr'><strong>auctore</strong></span> <span class='ocrx_word' id='word_1_417' title='bbox 1288 2721 1497 2788; x_wconf 82' lang='lat' dir='ltr'><strong>Stoico,</strong></span> <span class='ocrx_word' id='word_1_418' title='bbox 1541 2737 1595 2790; x_wconf 88' lang='lat' dir='ltr'><strong>p.</strong></span> <span class='ocrx_word' id='word_1_419' title='bbox 1626 2725 1710 2774; x_wconf 91' lang='grc'><strong>82.</strong></span> <span class='ocrx_word' id='word_1_420' title='bbox 1741 2725 1811 2774; x_wconf 88' lang='grc'><strong>24</strong></span> <span class='ocrx_word' id='word_1_421' title='bbox 1854 2718 2127 2775; x_wconf 88' lang='lat' dir='ltr'><strong>Lambino</strong></span> <span class='ocrx_word' id='word_1_422' title='bbox 2174 2728 2239 2776; x_wconf 81' lang='lat' dir='ltr'><strong>ut</strong></span> 
     </span>
     <span class='ocr_line' id='line_1_37' title="bbox 219 2789 2236 2860; baseline 0.001 -15"><span class='ocrx_word' id='word_1_423' title='bbox 219 2790 444 2846; x_wconf 84' lang='lat' dir='ltr'><strong>inclusit</strong></span> <span class='ocrx_word' id='word_1_424' title='bbox 479 2791 686 2846; x_wconf 82' lang='lat' dir='ltr'><strong>Baiter.</strong></span> <span class='ocrx_word' id='word_1_425' title='bbox 717 2822 784 2832; x_wconf 93' lang='lat'><strong>--</strong></span> <span class='ocrx_word' id='word_1_426' title='bbox 810 2791 870 2845; x_wconf 95' lang='lat' dir='ltr'><strong>P.</strong></span> <span class='ocrx_word' id='word_1_427' title='bbox 899 2797 984 2846; x_wconf 86' lang='lat'><strong>82.</strong></span> <span class='ocrx_word' id='word_1_428' title='bbox 1019 2799 1046 2846; x_wconf 92' lang='lat'>1</span> <span class='ocrx_word' id='word_1_429' title='bbox 1077 2794 1405 2848; x_wconf 81' lang='lat' dir='ltr'><strong>balbuttiens</strong></span> <span class='ocrx_word' id='word_1_430' title='bbox 1432 2808 1464 2846; x_wconf 90' lang='lat' dir='ltr'><strong>e</strong></span> <span class='ocrx_word' id='word_1_431' title='bbox 1490 2792 1613 2846; x_wconf 90' lang='lat' dir='ltr'><strong>cod.</strong></span> <span class='ocrx_word' id='word_1_432' title='bbox 1648 2790 1693 2844; x_wconf 93' lang='grc' dir='ltr'>Β</span> <span class='ocrx_word' id='word_1_433' title='bbox 1723 2789 1893 2858; x_wconf 75' lang='lat' dir='ltr'><strong>Bait,</strong></span> <span class='ocrx_word' id='word_1_434' title='bbox 1931 2809 1985 2860; x_wconf 97' lang='lat' dir='ltr'><strong>p.</strong></span> <span class='ocrx_word' id='word_1_435' title='bbox 2016 2797 2139 2847; x_wconf 89' lang='grc'><strong>451.</strong></span> <span class='ocrx_word' id='word_1_436' title='bbox 2169 2798 2236 2847; x_wconf 91' lang='grc'><strong>28</strong></span> 
     </span>
     <span class='ocr_line' id='line_1_38' title="bbox 219 2861 2235 2932; baseline 0.001 -17"><span class='ocrx_word' id='word_1_437' title='bbox 219 2877 329 2916; x_wconf 86' lang='lat' dir='ltr'><strong>non</strong></span> <span class='ocrx_word' id='word_1_438' title='bbox 361 2861 501 2916; x_wconf 83' lang='lat' dir='ltr'><strong>item</strong></span> <span class='ocrx_word' id='word_1_439' title='bbox 534 2878 564 2916; x_wconf 85' lang='lat' dir='ltr'><strong>e</strong></span> <span class='ocrx_word' id='word_1_440' title='bbox 592 2862 738 2917; x_wconf 88' lang='lat' dir='ltr'><strong>Non.</strong></span> <span class='ocrx_word' id='word_1_441' title='bbox 768 2864 828 2917; x_wconf 86' lang='lat' dir='ltr'><strong>et</strong></span> <span class='ocrx_word' id='word_1_442' title='bbox 853 2863 1014 2918; x_wconf 90' lang='lat' dir='ltr'><strong>codd.</strong></span> <span class='ocrx_word' id='word_1_443' title='bbox 1045 2862 1092 2918; x_wconf 77' lang='lat' dir='ltr'><strong>G</strong></span> <span class='ocrx_word' id='word_1_444' title='bbox 1121 2865 1179 2918; x_wconf 82' lang='lat' dir='ltr'><strong>et</strong></span> <span class='ocrx_word' id='word_1_445' title='bbox 1204 2864 1271 2932; x_wconf 82' lang='lat' dir='ltr'><strong>R,</strong></span> <span class='ocrx_word' id='word_1_446' title='bbox 1311 2879 1415 2918; x_wconf 87' lang='lat' dir='ltr'><strong>nec</strong></span> <span class='ocrx_word' id='word_1_447' title='bbox 1441 2863 1678 2932; x_wconf 76' lang='lat' dir='ltr'><strong>effuttire</strong></span> <span class='ocrx_word' id='word_1_448' title='bbox 1705 2879 1775 2916; x_wconf 84' lang='lat' dir='ltr'><strong>ex</strong></span> <span class='ocrx_word' id='word_1_449' title='bbox 1799 2861 2001 2917; x_wconf 85' lang='lat' dir='ltr'><strong>iisdem</strong></span> <span class='ocrx_word' id='word_1_450' title='bbox 2027 2881 2082 2932; x_wconf 92' lang='lat' dir='ltr'><strong>p.</strong></span> <span class='ocrx_word' id='word_1_451' title='bbox 2113 2867 2235 2918; x_wconf 89' lang='grc'><strong>456.</strong></span> 
     </span>
     <span class='ocr_line' id='line_1_39' title="bbox 219 2930 2238 3002; baseline 0.001 -17"><span class='ocrx_word' id='word_1_452' title='bbox 219 2936 268 2985; x_wconf 86' lang='grc'><strong>5.</strong></span> <span class='ocrx_word' id='word_1_453' title='bbox 298 2961 365 2972; x_wconf 87' lang='lat'><strong>--</strong></span> <span class='ocrx_word' id='word_1_454' title='bbox 389 2930 451 2985; x_wconf 92' lang='lat' dir='ltr'><strong>P.</strong></span> <span class='ocrx_word' id='word_1_455' title='bbox 483 2937 568 2987; x_wconf 83' lang='lat'><strong>82.</strong></span> <span class='ocrx_word' id='word_1_456' title='bbox 599 2937 670 2988; x_wconf 82' lang='lat'><strong>28</strong></span> <span class='ocrx_word' id='word_1_457' title='bbox 705 2933 872 2988; x_wconf 82' lang='lat' dir='ltr'><strong>istum</strong></span> <span class='ocrx_word' id='word_1_458' title='bbox 906 2933 1068 3000; x_wconf 72' lang='lat' dir='ltr'><strong>finem</strong></span> <span class='ocrx_word' id='word_1_459' title='bbox 1104 2933 1244 2988; x_wconf 83' lang='lat' dir='ltr'><strong>coni.</strong></span> <span class='ocrx_word' id='word_1_460' title='bbox 1274 2934 1477 3002; x_wconf 69' lang='lat' dir='ltr'><strong>Halm„</strong></span> <span class='ocrx_word' id='word_1_461' title='bbox 1517 2950 1624 2988; x_wconf 79' lang='lat' dir='ltr'><strong>ser.</strong></span> <span class='ocrx_word' id='word_1_462' title='bbox 1663 2932 1825 3002; x_wconf 68' lang='lat' dir='ltr'><strong>Bait„</strong></span> <span class='ocrx_word' id='word_1_463' title='bbox 1860 2934 2042 3002; x_wconf 81' lang='lat' dir='ltr'><strong>ipsum</strong></span> <span class='ocrx_word' id='word_1_464' title='bbox 2077 2934 2238 3000; x_wconf 68' lang='lat' dir='ltr'><strong>finem</strong></span> 
     </span>
     <span class='ocr_line' id='line_1_40' title="bbox 219 3001 2239 3072; baseline 0.001 -17"><span class='ocrx_word' id='word_1_465' title='bbox 219 3001 396 3070; x_wconf 75' lang='lat' dir='ltr'><strong>codd,</strong></span> <span class='ocrx_word' id='word_1_466' title='bbox 425 3018 590 3057; x_wconf 88' lang='lat' dir='ltr'><strong>cruce</strong></span> <span class='ocrx_word' id='word_1_467' title='bbox 619 3003 865 3072; x_wconf 82' lang='lat' dir='ltr'><strong>praefixa</strong></span> <span class='ocrx_word' id='word_1_468' title='bbox 889 3003 1073 3058; x_wconf 87' lang='lat' dir='ltr'><strong>Halm.</strong></span> <span class='ocrx_word' id='word_1_469' title='bbox 1095 3034 1164 3046; x_wconf 90' lang='lat'>-</span> <span class='ocrx_word' id='word_1_470' title='bbox 1182 3003 1242 3058; x_wconf 90' lang='lat' dir='ltr'><strong>P.</strong></span> <span class='ocrx_word' id='word_1_471' title='bbox 1261 3009 1348 3060; x_wconf 88' lang='grc'><strong>82.</strong></span> <span class='ocrx_word' id='word_1_472' title='bbox 1370 3010 1439 3060; x_wconf 91' lang='grc'><strong>30</strong></span> <span class='ocrx_word' id='word_1_473' title='bbox 1471 3003 1560 3059; x_wconf 87' lang='lat' dir='ltr'><strong>Tu</strong></span> <span class='ocrx_word' id='word_1_474' title='bbox 1585 3003 1683 3058; x_wconf 84' lang='lat' dir='ltr'><strong>vul</strong></span> <span class='ocrx_word' id='word_1_475' title='bbox 1727 3045 1759 3071; x_wconf 89' lang='lat'><strong>.,</strong></span> <span class='ocrx_word' id='word_1_476' title='bbox 1787 3009 1903 3058; x_wconf 85' lang='lat' dir='ltr'><strong>tum</strong></span> <span class='ocrx_word' id='word_1_477' title='bbox 1931 3003 2108 3068; x_wconf 77' lang='lat' dir='ltr'><strong>codd,</strong></span> <span class='ocrx_word' id='word_1_478' title='bbox 2136 3010 2239 3058; x_wconf 83' lang='lat' dir='ltr'><strong>tun</strong></span> 
     </span>
     <span class='ocr_line' id='line_1_41' title="bbox 219 3070 2237 3144; baseline 0.001 -19"><span class='ocrx_word' id='word_1_479' title='bbox 219 3070 508 3141; x_wconf 85' lang='lat' dir='ltr'><strong>Guilelm.,</strong></span> <span class='ocrx_word' id='word_1_480' title='bbox 542 3072 690 3130; x_wconf 85' lang='lat' dir='ltr'><strong>Bait.</strong></span> <span class='ocrx_word' id='word_1_481' title='bbox 731 3105 798 3116; x_wconf 90' lang='lat'><em>-</em></span> <span class='ocrx_word' id='word_1_482' title='bbox 834 3072 893 3130; x_wconf 91' lang='lat' dir='ltr'><strong>P.</strong></span> <span class='ocrx_word' id='word_1_483' title='bbox 925 3079 1009 3129; x_wconf 89' lang='grc'><strong>85.</strong></span> <span class='ocrx_word' id='word_1_484' title='bbox 1049 3080 1115 3129; x_wconf 94' lang='grc'><strong>37</strong></span> <span class='ocrx_word' id='word_1_485' title='bbox 1153 3089 1269 3130; x_wconf 67' lang='lat' dir='ltr'><strong>non⁴</strong></span> <span class='ocrx_word' id='word_1_486' title='bbox 1304 3075 1551 3144; x_wconf 76' lang='lat' dir='ltr'><strong>probans</strong></span> <span class='ocrx_word' id='word_1_487' title='bbox 1584 3074 1679 3128; x_wconf 90' lang='lat' dir='ltr'><strong>Ma</strong></span> <span class='ocrx_word' id='word_1_488' title='bbox 1717 3091 1797 3143; x_wconf 85' lang='lat' dir='ltr'><strong>v.‚</strong></span> <span class='ocrx_word' id='word_1_489' title='bbox 1835 3073 2037 3142; x_wconf 60' lang='lat' dir='ltr'><strong>Halm„</strong></span> <span class='ocrx_word' id='word_1_490' title='bbox 2074 3073 2237 3140; x_wconf 69' lang='lat' dir='ltr'><strong>Bait„</strong></span> 
     </span>
     <span class='ocr_line' id='line_1_42' title="bbox 219 3142 2239 3222; baseline 0.001 -27"><span class='ocrx_word' id='word_1_491' title='bbox 219 3144 560 3222; x_wconf 78' lang='lat' dir='ltr'><strong>conprobans</strong></span> <span class='ocrx_word' id='word_1_492' title='bbox 598 3142 788 3212; x_wconf 71' lang='lat' dir='ltr'><strong>codd,</strong></span> <span class='ocrx_word' id='word_1_493' title='bbox 837 3145 969 3199; x_wconf 78' lang='lat' dir='ltr'><strong>‘sed</strong></span> <span class='ocrx_word' id='word_1_494' title='bbox 1003 3144 1064 3199; x_wconf 85' lang='lat' dir='ltr'><strong>in</strong></span> <span class='ocrx_word' id='word_1_495' title='bbox 1098 3143 1149 3197; x_wconf 89' lang='lat' dir='ltr'>A</span> <span class='ocrx_word' id='word_1_496' title='bbox 1185 3161 1288 3201; x_wconf 85' lang='lat' dir='ltr'><strong>con</strong></span> <span class='ocrx_word' id='word_1_497' title='bbox 1323 3161 1491 3214; x_wconf 86' lang='lat' dir='ltr'><strong>supra</strong></span> <span class='ocrx_word' id='word_1_498' title='bbox 1524 3143 1758 3212; x_wconf 85' lang='lat' dir='ltr'><strong>lineam,</strong></span> <span class='ocrx_word' id='word_1_499' title='bbox 1808 3146 1873 3198; x_wconf 86' lang='lat' dir='ltr'><strong>ut</strong></span> <span class='ocrx_word' id='word_1_500' title='bbox 1907 3159 2083 3211; x_wconf 87' lang='lat' dir='ltr'><strong>aeque</strong></span> <span class='ocrx_word' id='word_1_501' title='bbox 2117 3144 2239 3198; x_wconf 86' lang='lat' dir='ltr'><strong>veri</strong></span> 
     </span>
     <span class='ocr_line' id='line_1_43' title="bbox 221 3212 2231 3284; baseline 0.002 -20"><span class='ocrx_word' id='word_1_502' title='bbox 221 3212 398 3268; x_wconf 68' lang='lat' dir='ltr'><strong>simile</strong></span> <span class='ocrx_word' id='word_1_503' title='bbox 435 3213 513 3268; x_wconf 79' lang='lat' dir='ltr'><strong>sit</strong></span> <span class='ocrx_word' id='word_1_504' title='bbox 549 3212 874 3270; x_wconf 83' lang='lat' dir='ltr'><strong>Ciceronem</strong></span> <span class='ocrx_word' id='word_1_505' title='bbox 909 3216 1236 3284; x_wconf 79' lang='lat' dir='ltr'><strong>inprobans,</strong></span> <span class='ocrx_word' id='word_1_506' title='bbox 1272 3218 1339 3270; x_wconf 89' lang='lat' dir='ltr'><strong>ut</strong></span> <span class='ocrx_word' id='word_1_507' title='bbox 1371 3214 1629 3271; x_wconf 85' lang='lat' dir='ltr'><strong>Davisius</strong></span> <span class='ocrx_word' id='word_1_508' title='bbox 1662 3213 1870 3283; x_wconf 80' lang='lat' dir='ltr'><strong>voluit,</strong></span> <span class='ocrx_word' id='word_1_509' title='bbox 1908 3213 2231 3282; x_wconf 63' lang='lat' dir='ltr'><strong>scripsisse?</strong></span> 
     </span>
    </p>

    <p class='ocr_par' dir='ltr' id='par_1_3' title="bbox 219 3283 2238 3568">
     <span class='ocr_line' id='line_1_44' title="bbox 355 3283 2236 3355; baseline 0.001 -18"><span class='ocrx_word' id='word_1_510' title='bbox 355 3283 918 3340; x_wconf 81' lang='lat' dir='ltr'><strong>Academicorum</strong></span> <span class='ocrx_word' id='word_1_511' title='bbox 969 3287 1358 3355; x_wconf 85' lang='lat' dir='ltr'><strong>fragmenta</strong></span> <span class='ocrx_word' id='word_1_512' title='bbox 1412 3302 1481 3341; x_wconf 89' lang='lat' dir='ltr'><strong>ea</strong></span> <span class='ocrx_word' id='word_1_513' title='bbox 1535 3285 1718 3353; x_wconf 87' lang='lat' dir='ltr'><strong>omisi,</strong></span> <span class='ocrx_word' id='word_1_514' title='bbox 1772 3299 1915 3354; x_wconf 84' lang='lat' dir='ltr'><strong>quae</strong></span> <span class='ocrx_word' id='word_1_515' title='bbox 1972 3301 2007 3338; x_wconf 93' lang='lat' dir='ltr'><strong>a</strong></span> <span class='ocrx_word' id='word_1_516' title='bbox 2050 3283 2236 3338; x_wconf 87' lang='lat' dir='ltr'><strong>Nonio</strong></span> 
     </span>
     <span class='ocr_line' id='line_1_45' title="bbox 219 3351 2237 3426; baseline 0 -20"><span class='ocrx_word' id='word_1_517' title='bbox 219 3351 504 3422; x_wconf 77' lang='lat' dir='ltr'><strong>tamquam</strong></span> <span class='ocrx_word' id='word_1_518' title='bbox 557 3371 626 3409; x_wconf 84' lang='lat' dir='ltr'><strong>ex</strong></span> <span class='ocrx_word' id='word_1_519' title='bbox 672 3355 841 3411; x_wconf 85' lang='lat' dir='ltr'><strong>tertio</strong></span> <span class='ocrx_word' id='word_1_520' title='bbox 889 3358 1199 3426; x_wconf 83' lang='lat' dir='ltr'><strong>quartoque</strong></span> <span class='ocrx_word' id='word_1_521' title='bbox 1244 3357 1390 3412; x_wconf 86' lang='lat' dir='ltr'><strong>libro</strong></span> <span class='ocrx_word' id='word_1_522' title='bbox 1436 3357 1660 3426; x_wconf 85' lang='lat' dir='ltr'><strong>prolata</strong></span> <span class='ocrx_word' id='word_1_523' title='bbox 1704 3372 1851 3410; x_wconf 89' lang='lat' dir='ltr'><strong>nunc</strong></span> <span class='ocrx_word' id='word_1_524' title='bbox 1894 3353 1955 3408; x_wconf 87' lang='lat' dir='ltr'><strong>in</strong></span> <span class='ocrx_word' id='word_1_525' title='bbox 2002 3353 2237 3408; x_wconf 88' lang='lat' dir='ltr'><strong>Lucullo</strong></span> 
     </span>
     <span class='ocr_line' id='line_1_46' title="bbox 221 3423 2238 3496; baseline 0 -21"><span class='ocrx_word' id='word_1_526' title='bbox 221 3423 604 3492; x_wconf 82' lang='lat' dir='ltr'><strong>reperiuntur,</strong></span> <span class='ocrx_word' id='word_1_527' title='bbox 653 3425 899 3496; x_wconf 79' lang='lat' dir='ltr'><strong>itemque</strong></span> <span class='ocrx_word' id='word_1_528' title='bbox 945 3444 1114 3482; x_wconf 86' lang='lat' dir='ltr'><strong>unum</strong></span> <span class='ocrx_word' id='word_1_529' title='bbox 1160 3426 1329 3494; x_wconf 86' lang='lat' dir='ltr'><strong>illud,</strong></span> <span class='ocrx_word' id='word_1_530' title='bbox 1366 3427 1518 3494; x_wconf 87' lang='lat' dir='ltr'><strong>quod</strong></span> <span class='ocrx_word' id='word_1_531' title='bbox 1560 3425 1871 3480; x_wconf 83' lang='lat' dir='ltr'><strong>Martianus</strong></span> <span class='ocrx_word' id='word_1_532' title='bbox 1920 3423 2149 3491; x_wconf 84' lang='lat' dir='ltr'><strong>Capella</strong></span> <span class='ocrx_word' id='word_1_533' title='bbox 2186 3423 2238 3474; x_wconf 92' lang='lat' dir='ltr'><strong>V</strong></span> 
     </span>
     <span class='ocr_line' id='line_1_47' title="bbox 224 3494 1504 3568; baseline 0.002 -22"><span class='ocrx_word' id='word_1_534' title='bbox 224 3496 322 3547; x_wconf 85' lang='grc'><strong>517</strong></span> <span class='ocrx_word' id='word_1_535' title='bbox 359 3494 507 3564; x_wconf 88' lang='lat' dir='ltr'><strong>ipse,</strong></span> <span class='ocrx_word' id='word_1_536' title='bbox 544 3497 611 3550; x_wconf 88' lang='lat' dir='ltr'><strong>ut</strong></span> <span class='ocrx_word' id='word_1_537' title='bbox 647 3496 867 3567; x_wconf 86' lang='lat' dir='ltr'><strong>opinor,</strong></span> <span class='ocrx_word' id='word_1_538' title='bbox 902 3499 1134 3568; x_wconf 85' lang='lat' dir='ltr'><strong>paulum</strong></span> <span class='ocrx_word' id='word_1_539' title='bbox 1167 3495 1504 3552; x_wconf 81' lang='lat' dir='ltr'><strong>immutavit.</strong></span> 
     </span>
    </p>
   </div>
  </div>
 </body>
</html>
