2609 3884
693 136 829 191 ΜΒ.
868 136 936 190 11.
993 136 1147 191 CAP.
1188 142 1280 205 14,
1323 142 1405 193 15.
1462 142 1492 203 ς
1529 143 1773 195 44-49,
2113 137 2239 201 141

215 302 414 383 atque
477 298 924 384 magnificum,
988 298 1070 364 ad
1131 298 1578 382 imperandum
1638 299 1851 384 magis
1910 321 2106 384 quam
2160 299 2240 365 ad

210 386 578 470 parendum
622 386 1208 469 accommodatum,
1253 387 1472 451 omnia
1505 386 1791 452 humana
1830 408 1964 451 non
2008 388 2241 452 tolera-

213 476 382 539 bilia
441 475 677 557 solum,
733 474 844 539 sed
898 475 1095 539 etiam
1149 474 1322 539 levia
1366 474 1599 540 ducens
1609 525 1627 557 ,
1682 475 1887 539 altum
1936 474 2241 559 quiddam

15 629 20 646 Κ
211 567 285 627 et
330 564 680 646 excelsum,
731 562 898 627 nihil
941 563 1207 646 timens,
1252 563 1500 627 nemini
1544 562 1802 647 cedens,
1848 584 2100 647 semper
2144 564 2241 627 in-

17 647 20 736 }
149 677 180 717 5
211 652 485 716 victum.
617 649 832 734 Atque
920 649 1025 715 his
1106 650 1318 715 tribus
1399 651 1741 735 generibus
1821 649 2241 716 honestorum
2277 664 2344 713 47

15 737 18 748 '
209 740 464 805 notatis
519 742 822 823 quartum
879 739 1168 823 sequitur
1221 741 1288 803 et
1349 738 1422 802 in
1477 738 1701 803 eadem
1763 738 2242 822 pulchritudine

212 830 286 892 et
339 830 565 911 aptum
623 849 700 891 ex
745 827 876 890 illis
929 826 1170 905 tribuS,
1233 826 1308 890 in
1362 848 1490 911 quo
1543 827 1714 891 inest
1775 826 1931 892 ordo
1985 830 2054 891 et
2105 849 2242 891 mo-

211 916 485 981 deratio,
592 912 788 979 Cuius
863 914 1283 979 similitudine
1347 919 1686 999 perspecta
1747 914 1817 979 in
1886 914 2241 980 formarum

212 1004 437 1088 specie
474 1025 550 1068 ac
585 1002 901 1087 dignitate
945 1002 1294 1067 transitum
1333 1006 1433 1067 est
1468 1002 1551 1067 ad
1584 1003 1994 1069 honestatem
2040 1003 2240 1067 dicto-

123 1120 179 1158 10
209 1114 368 1156 rum
429 1095 621 1175 atque
681 1091 1023 1156 factorum.
1127 1090 1299 1155 Nam
1354 1112 1432 1155 ex
1491 1090 1595 1155 his
1658 1091 1868 1156 tribus
1924 1090 2243 1175 laudibuS,

210 1202 381 1264 quas
447 1184 595 1244 ante
661 1178 824 1263 dixi,
886 1183 952 1243 et
1019 1180 1454 1244 temeritatem
1525 1178 1904 1244 reformidat
1974 1181 2041 1243 et
2110 1200 2242 1244 non

212 1269 419 1333 audet
471 1268 768 1352 cuiquam
833 1270 947 1331 aut
1010 1266 1181 1331 dicto
1234 1270 1537 1350 protervo
1596 1271 1710 1331 aut
1769 1266 1945 1332 facto
2008 1288 2242 1331 nocere

209 1359 598 1440 vereturque
670 1354 1013 1439 quicquam
1085 1357 1199 1419 aut
1275 1354 1491 1419 facere
1562 1359 1673 1419 aut
1743 1355 1960 1439 eloqui
1977 1405 1995 1440 ,
2072 1353 2243 1439 quod

211 1466 453 1528 parum
497 1444 684 1508 virile
728 1442 1040 1509 videatur.
2264 1494 2349 1557 15

125 1562 182 1603 15
354 1532 573 1596 Habes
625 1531 909 1615 undique
966 1531 1286 1614 expletam
1342 1534 1408 1595 et
1459 1527 1841 1614 perfectam,
1901 1530 2245 1615 Torquate,
2277 1571 2349 1620 48

212 1621 501 1685 formam
542 1620 906 1684 honestatis
914 1669 933 1702 ,
979 1640 1140 1703 quae
1184 1621 1329 1683 tota
1374 1621 1682 1703 quattuor
1723 1618 1827 1683 his
1872 1618 2244 1701 virtutibUS,

213 1730 388 1793 quae
452 1731 492 1773 a
553 1712 618 1772 te
694 1728 946 1792 quoque
1009 1710 1548 1772 commemoratae
1612 1709 1790 1791 sunt,
1861 1706 2245 1771 continetur.

213 1796 411 1861 Hanc
465 1817 532 1860 se
584 1798 736 1860 tuus
788 1794 1106 1878 Epicurus
1161 1795 1425 1861 omnino
1480 1795 1779 1880 ignorare
1834 1793 1991 1859 dicit
2047 1816 2243 1878 quam

217 1887 339 1949 aut
375 1883 630 1969 qualem
667 1905 804 1948 esse
838 1883 1067 1966 velint,
1111 1883 1224 1966 qui
1259 1883 1602 1948 honestate
1640 1903 1962 1948 summum
1998 1883 2242 1947 bonum

128 2003 185 2041 20
217 1973 596 2038 metiantur.
685 1970 755 2037 Si
801 1972 884 2037 ad
927 1971 1336 2036 honestatem
1382 1971 1554 2035 enim
1604 1971 1825 2035 omnia
1867 1970 2243 2050 referantur,

216 2082 431 2146 neque
485 2062 555 2125 in
608 2081 685 2124 ea
737 2060 1142 2144 voluptatem
1196 2059 1417 2123 dicant
1468 2060 1704 2142 inesse,
1769 2058 1864 2122 ait
1921 2080 2029 2124 eos
2086 2080 2242 2124 voce

217 2150 404 2215 inani
457 2169 689 2214 sonare
745 2146 876 2233 (his
933 2148 1105 2212 enim
1148 2147 1312 2231 ipsis
1357 2147 1571 2212 verbis
1615 2144 1847 2232 utitur)
1892 2168 2099 2231 neque
2144 2146 2243 2211 in-

215 2238 530 2322 tellegere
565 2258 684 2301 nec
729 2236 969 2319 videre,
1027 2236 1147 2301 sub
1192 2237 1362 2299 hanc
1404 2256 1630 2300 vocem
1674 2235 2035 2299 honestatis
2081 2257 2243 2319 quae

220 2326 313 2390 sit
352 2324 728 2390 subicienda
763 2324 1102 2388 sententia.
1172 2321 1267 2387 Ut
1302 2322 1475 2387 enim
1510 2323 1903 2389 consuetudo
1938 2323 2244 2407 loquitur,

131 2440 188 2481 25
215 2414 290 2479 id
345 2413 555 2478 solum
609 2413 846 2477 dicitur
897 2412 1272 2496 honestum,
1332 2411 1503 2495 quod
1558 2415 1658 2475 est
1709 2411 2012 2496 populari
2067 2410 2245 2475 fama

219 2502 598 2588 gloriosum.
705 2500 915 2577 ‘Quod
929 2494 970 2573 ³,
1025 2499 1261 2584 inquit,
1330 2498 1745 2583 ‘quamquam
1798 2498 2241 2582 voluptatibus

219 2589 612 2675 quibusdam
699 2591 799 2653 est
888 2609 1078 2671 saepe
1159 2587 1526 2670 iucundius,
1618 2590 1843 2651 tamen
1922 2586 2245 2669 expetitur

216 2680 495 2762 propter
545 2675 988 2760 voluptatem?
1077 2674 1385 2759 Videsne,
1429 2696 1625 2759 quam
1678 2674 1767 2739 sit
1816 2693 2057 2757 magna
2119 2674 2244 2739 dis·
2281 2687 2349 2736 49

221 2764 489 2831 sensio?
549 2763 986 2848 Philosophus
1023 2762 1286 2846 nobilis,
1325 2785 1364 2827 a
1401 2784 1527 2847 quo
1562 2783 1696 2827 non
1731 2762 1942 2827 solum
1975 2761 2247 2828 Graecia

135 2882 192 2921 30
222 2858 293 2919 et
353 2852 581 2936 Italia,
649 2852 764 2918 sed
826 2852 1023 2916 etiam
1088 2851 1296 2915 omnis
1360 2850 1664 2915 barbaria
1734 2853 2055 2915 commota
2127 2855 2246 2936 est,

219 2944 572 3008 honestum
617 2940 772 3025 quid
817 2940 930 3023 sit,
985 2940 1040 3003 si
1097 2938 1163 3003 id
1207 2960 1342 3004 non
1386 2940 1475 3003 sit
1517 2940 1587 3004 in
1630 2939 1993 3022 voluptate,
2044 2943 2247 3023 negat

223 3052 297 3095 se
369 3029 770 3113 intellegere,
847 3028 973 3092 nisi
1053 3026 1221 3093 forte
1292 3026 1482 3112 illud,
1559 3026 1730 3111 quod
1810 3027 2243 3092 multitudinis

221 3139 485 3183 rumore
540 3116 852 3182 laudetur.
946 3115 1092 3200 Ego
1153 3118 1369 3181 autem
1422 3114 1545 3181 hoc
1601 3116 1795 3180 etiam
1849 3118 2040 3198 turpe
2104 3137 2244 3180 esse

226 3228 422 3291 saepe
476 3205 689 3270 iudico
744 3208 831 3290 et,
887 3204 944 3269 si
997 3203 1254 3289 quando
1308 3206 1500 3287 turpe
1551 3225 1686 3269 non
1741 3204 1852 3287 sit,
1908 3206 2049 3267 tum
2104 3225 2245 3268 esse

141 3321 196 3361 35
223 3317 362 3360 non
415 3298 633 3378 turpe,
686 3314 832 3358 cum
885 3291 953 3356 id
1007 3316 1046 3358 a
1100 3290 1509 3356 multitudine
1562 3291 1883 3375 laudetur,
1933 3289 2104 3375 quod
2158 3291 2247 3355 sit

222 3373 444 3468 ipsum
505 3404 622 3466 per
685 3402 752 3445 se
804 3384 1050 3445 rectum
1104 3384 1293 3465 atque
1345 3379 1698 3463 laudabile3
1760 3400 1891 3443 non
1954 3377 2037 3442 ob
2101 3400 2242 3442 eam

226 3492 492 3537 causam
537 3473 756 3535 tamen
797 3468 958 3533 illud
1005 3468 1132 3533 dici
1169 3488 1309 3533 esse
1344 3467 1719 3551 honestum,
1762 3466 1913 3551 quia
1944 3464 2243 3529 laudetur
