2609 3884
407 155 493 219 48
945 151 1531 208 AGADEMIGORUM
1564 151 1899 207 PRIORUM

405 317 573 381 nihil
621 337 786 400 0880,
841 315 1012 399 (111οᾶ
1065 314 1315 398 percipi
1359 313 1587 397 possit.
1683 313 1792 378 An
1836 313 1907 378 in
1952 335 2029 381 00
2077 313 2453 379 auctoritas

405 405 575 470 nihil
647 404 878 469 obest?
995 403 1163 468 Mihi
1233 403 1493 486 quidem
1562 401 1817 466 videtur
1886 403 1994 466 vel
2056 402 2452 487 plurimum.

2590 277 2592 354 ἱ

409 491 567 569 Quis
622 493 794 557 enim
845 491 978 556 ista
1030 495 1168 556 tam
1224 494 1448 576 aperte
1501 490 1967 574 perspicueque
2012 492 2078 554 εὴ
2127 511 2456 573 perversa
2591 491 2592 496 ’

409 585 475 646 et
526 581 697 645 falsa
750 584 1006 645 secutus
1064 583 1260 662 esset,
1312 578 1444 644 nisi
1494 582 1683 642 tanta
1734 578 1803 642 in
1847 578 2167 662 Arcesila,
2226 579 2450 642 multo

408 670 602 735 etiam
655 669 866 733 maior
917 669 987 732 in
1041 665 1371 733 Carneade
1424 669 1491 731 et
1544 667 1734 750 copia
1783 687 1999 731 rerum
2056 668 2123 730 et
2176 665 2450 730 dicendi
2482 689 2511 728 5

407 758 506 824 vis
556 757 837 821 fuisset?

303 815 388 943 {19
540 844 722 910 Haec
756 843 1118 908 Antiochus
1159 843 1292 907 fere
1339 845 1407 906 et
1440 841 1883 907 Alexandreae
1921 845 2065 907 tum
2102 845 2169 906 et
2204 843 2449 906 multis

411 934 595 1001 annis
652 936 805 1017 post
859 933 1066 996 multo
1114 931 1311 995 etiam
1369 930 1878 1015 adseverantius,
1922 931 1997 994 in
2042 929 2235 1014 Syria
2286 951 2452 995 cum

411 1025 586 1087 esset
646 1042 926 1098 mecum,
990 1019 1185 1102 paulo
1250 1022 1400 1083 ante
1465 1041 1659 1102 quam
1722 1020 1826 1083 est
1884 1023 2196 1083 mortuus
2310 1017 2451 1082 Sed

408 1111 544 1174 iam
589 1109 968 1173 confirmata
1013 1129 1208 1171 causa
1249 1110 1345 1191 te,
1397 1106 1729 1171 hominem
1780 1106 2246 1172 amicissimum
2300 1103 2448 1192 (me
2482 1129 2543 1169 10

411 1201 632 1262 autem
704 1195 1102 1280 appellabat)
1169 1197 1236 1258 εὴ
1298 1195 1545 1278 aliquot
1616 1195 1803 1259 annis
1870 1195 2192 1260 minorem
2252 1197 2448 1277 natu,

409 1307 542 1350 non
616 1283 927 1348 dubitabo
999 1304 1285 1347 monere:
1366 1283 1548 1347 Tune
1556 1333 1573 1364 ,
1639 1303 1783 1346 cum
1852 1283 2056 1347 tantis
2127 1282 2446 1346 laudibus

409 1372 899 1456 philosophiam
935 1371 1241 1436 extuleris
1267 1369 1820 1454 Hortensiumque
1855 1373 2153 1436 nostrum
2188 1370 2445 1435 dissen-

409 1461 682 1526 tientem
729 1460 1183 1543 commoveris,
1229 1480 1373 1523 eam
1418 1459 1901 1542 philosophiam
1940 1480 2221 1542 sequere,
2268 1480 2447 1542 quae

412 1548 747 1614 confundit
791 1570 946 1613 vera
991 1569 1137 1612 cum
1182 1547 1396 1628 falsis,
1453 1546 1695 1630 spoliat
1737 1568 1857 1612 nos
1903 1547 2174 1630 iudicio,
2218 1547 2448 1630 privat
2479 1570 2535 1608 15

413 1636 881 1721 adprobatione
937 1636 1146 1713 omni,
1210 1635 1401 1700 orbat
1465 1635 1806 1699 sensibus?
1912 1634 2004 1700 Et
2067 1633 2443 1701 Cimmeriis

412 1725 699 1810 quidem,
753 1724 988 1809 quibus
1035 1727 1370 1807 aspectum
1416 1723 1573 1788 solis
1621 1723 1758 1788 sive
1812 1723 1971 1788 deus
2018 1723 2250 1806 aliquis
2299 1723 2446 1788 sive

410 1817 650 1879 natura
685 1813 1014 1877 ademerat
1049 1811 1181 1876 sive
1219 1811 1359 1875 eius
1395 1811 1549 1894 loci,
1585 1828 1777 1894 quem
1812 1811 2215 1894 incolebant,
2252 1811 2445 1894 situS,

411 1903 598 1986 ignes
644 1904 866 1965 tamen
909 1900 1202 1977 aderant,
1248 1921 1522 1983 quorum
1564 1899 1693 1963 illis
1730 1899 1827 1964 uti
1875 1899 2123 1964 lumine
2167 1861 2445 1982 licebat,

409 1989 524 2053 isti
570 1992 815 2072 autem,
859 2009 1022 2071 quos
1067 1990 1142 2052 tu
1185 1989 1456 2071 probas,
1500 1987 1704 2051 tantis
1753 1987 1976 2051 offusis
2020 1987 2307 2052 tenebris
2354 2009 2443 2051 ne
2477 2011 2533 2049 20

413 2076 768 2140 scintillam
822 2075 1081 2158 (1111(10111
1132 2075 1338 2139 ullam
1391 2074 1585 2140 nobis
1644 2075 1725 2139 ad
1775 2075 2247 2159 dispiciendum
2291 2076 2445 2140 reli-

413 2165 714 2247 querunt,
763 2183 924 2247 quos
973 2162 1029 2226 si
1067 2183 1435 2246 sequamur,
1480 2163 1563 2226 118
1599 2163 1827 2228 vinclis
1874 2163 2075 2227 simus
2124 2163 2442 2247 adstricti,

309 2271 376 2320 62
412 2255 490 2316 ut
557 2273 678 2316 nos
751 2271 1153 2315 commovere
1211 2272 1628 2334 nequeamus.
1746 2250 2018 2316 Sublata
2080 2253 2255 2316 enim
2329 2252 2440 2316 ad-

416 2338 711 2404 sensione
775 2359 1034 2403 omnem
1095 2340 1164 2402 et
1237 2342 1490 2403 motum
1552 2338 1917 2404 animorum
1980 2342 2045 2403 et
2116 2341 2442 2406 actionem

413 2449 630 2492 rerum
693 2427 1120 2510 sustulerunt3
1185 2426 1359 2510 quod
1417 2448 1553 2491 non
1612 2428 1804 2492 modo
1859 2430 2032 2492 recte
2088 2428 2261 2512 fieri,
2326 2428 2439 2492 sed
2473 2451 2529 2492 25
2591 2425 2592 2448 ¹

319 2589 333 2601 ‚
415 2516 676 2582 omnino
722 2516 862 2580 fieri
904 2535 1037 2579 non
1079 2516 1317 2599 potest.
1418 2513 1693 2580 Provide
1740 2515 1965 2598 etiam,
2016 2537 2099 2580 ne
2146 2517 2261 2580 uni
2314 2516 2441 2581 tibi

415 2606 611 2670 istam
676 2604 1065 2669 sententiam
1125 2603 1389 2668 minime
1451 2603 1645 2667 liceat
1711 2603 2069 2668 defendere.
2175 2604 2285 2668 An
2348 2608 2442 2687 tn,

414 2715 560 2758 cum
595 2713 698 2757 res
741 2692 1208 2758 occultissimas
1249 2691 1575 2775 aperueris
1611 2692 1682 2757 in
1715 2693 2053 2776 lucemque
2088 2693 2443 2776 protuleris

412 2781 787 2864 iuratusque
823 2781 1058 2844 dixeris
1096 2801 1174 2844 ea
1207 2783 1272 2844 te
1311 2780 1697 2864 comperisse
1742 2777 1945 2866 (quod
1985 2780 2149 2844 mihi
2183 2802 2442 2865 quoque

413 2867 672 2951 licebat,
718 2868 828 2951 qui
874 2889 953 2931 ex
995 2871 1062 2932 te
1105 2868 1224 2932 illa
1251 2866 1754 2969 cognoveram),
1798 2868 2069 2970 negabis
2114 2890 2254 2933 esse
2300 2891 2442 2934 rem
2470 2894 2526 2934 so

413 2955 641 3039 ullam,
723 2975 885 3037 quae
965 2955 1295 3038 cognosci,
1377 2917 1777 3040 comprendi,
1862 2957 2112 3041 percipi
2180 2957 2443 3040 possit‘?

413 3040 606 3124 Vide,
661 3063 929 3126 quaeso,
975 3042 1175 3106 etiam
1229 3046 1424 3126 atque
1470 3045 1691 3128 etiam,
1743 3065 1827 3108 ne
1880 3044 2141 3110 illarum
2186 3066 2444 3130 quoque

413 3152 629 3194 rerum
672 3129 1252 3213 pulcherrimarum
1299 3153 1340 3194 a
1382 3135 1449 3196 te
1498 3132 1644 3215 ipso
1690 3133 2020 3197 minuatur
2065 3134 2441 3200 auctoritas.

415 3207 593 3294 Quae
639 3238 786 3281 cum
833 3217 1100 3282 dixisset
1142 3219 1278 3304 ille,
1324 3220 1517 3284 finem
1564 3220 1737 3285 fecit.

310 3325 377 3375 63
545 3304 930 3370 Hortensius
1013 3310 1230 3371 autem
1319 3307 1729 3372 vehementer
1810 3308 2141 3374 admirans
2229 3307 2443 3394 (quod
2472 3337 2522 3377 35

417 3393 673 3477 quidem
725 3398 1037 3478 perpetuo
1091 3393 1363 3460 Lucullo
1417 3395 1723 3480 loquente
1780 3396 2051 3482 fecerat,
2112 3399 2187 3461 ut
2241 3399 2442 3463 etiam

417 3503 648 3546 manus
711 3503 900 3566 saepe
979 3482 1264 3568 tolleret;
1336 3503 1455 3548 1100
1518 3484 1781 3569 mirum3
1852 3505 2009 3550 nam
2082 3507 2441 3569 numquam
