2609 3884
281 338 356 388 26

280 1219 355 1268 26

284 2367 355 2418 2⁷

290 2791 374 2854 12

391 163 526 228 400
788 160 1386 217 TUSCULANARUM
1421 158 2028 215 DISPUTATIONUM

393 323 620 389 morbo
657 344 896 388 nomen
933 326 1033 388 est
1072 321 1470 407 avar1t1a,
1489 321 1913 404 similiterque
1949 321 2152 385 ceteri
2190 320 2422 406 morbi,

392 414 467 476 ut
511 412 807 497 gloriae
854 409 1274 494 cupiditas,
1319 413 1394 474 ut
1438 407 2000 492 mulierositas,
2043 412 2121 473 ut
2165 409 2264 474 ita
2311 432 2420 493 ap-

390 501 628 585 pellem
666 521 837 583 eam,
884 520 1048 584 quae
1090 497 1336 563 Graece
1381 499 1743 580 φιλογυνία
1789 496 2048 580 dicitur,
2095 497 2420 582 ceterique

392 587 691 654 similiter
761 587 974 652 morbi
1045 585 1655 671 aegrotationesque
1739 589 2111 650 nascuntur.
2241 585 2420 662 Quae

392 681 609 741 autem
662 678 815 740 sunt
869 674 975 740 his
1022 674 1372 756 contraria,
1431 694 1510 737 ea
1550 673 1731 738 nasci
1774 675 2091 779 putantur
2135 696 2177 738 a
2222 677 2418 757 metu,
2441 697 2464 736 5

390 768 467 829 ut
511 764 768 830 odium
821 762 1256 846 mulierum,
1309 762 1498 845 quale
1555 761 1628 825 in
1673 756 2017 849 μισογυνω
2064 760 2258 825 Atilii
2303 765 2419 844 est,

391 856 467 917 ut
510 853 589 917 in
634 851 1023 916 hominum
1059 851 1492 914 universum
1527 869 1794 934 genuS‚
1840 826 2015 933 quod
2050 849 2416 932 accepimus

392 940 473 1005 de
508 940 803 1023 Timone,
848 940 959 1023 qui
994 932 1474 1023 μισάνθρωπος
1511 937 1901 1022 appellatur,
1946 939 2022 1001 ut
2062 936 2197 1001 1nh
2211 958 2418 1021 osp1

392 1029 671 1092 talitas
717 1032 843 1110 est,
890 1047 1056 1111 quae
1101 1047 1324 1091 omnes
1371 1025 1851 1110 aegrotationes
1888 1024 2090 1089 animi
2135 1046 2218 1089 ex
2262 1048 2416 1111 quo-

2567 1014 2569 1112 l

392 1116 543 1180 dam
598 1118 777 1179 metu
826 1077 1185 1179 ,nascuntur
1236 1135 1458 1178 earum
1509 1134 1753 1197 rerum,
1821 1134 1981 1197 quas
2033 1113 2300 1197 fugiunt
2355 1118 2418 1178 et
2441 1138 2484 1177 ιο
2567 1121 2569 1130 “

393 1205 685 1269 oderunt.
800 1201 1135 1266 Definiunt
1206 1205 1425 1266 autem
1505 1201 1704 1265 animi
1785 1201 2417 1287 aegrotationem

393 1291 833 1377 opinationem
886 1290 1338 1355 vehementem
1393 1289 1472 1353 de
1515 1311 1586 1353 re
1630 1311 1766 1354 non
1811 1288 2195 1373 expetenda,
2250 1293 2417 1354 tam-

391 1401 586 1465 quam
629 1377 815 1444 valde
862 1378 1220 1462 expetenda
1265 1377 1380 1456 sit,
1424 1376 1870 1442 inhaerentem
1907 1380 1974 1440 et
2011 1377 2275 1460 penitus
2321 1377 2417 1442 in·

392 1469 606 1534 sitam.
708 1465 890 1568 Quod
949 1469 1167 1530 autem
1218 1467 1505 1531 nascitur
1569 1487 1647 1529 ex
1705 1464 2086 1549 offensione,
2148 1464 2248 1528 ita
2311 1465 2416 1530 de-

390 1557 654 1621 finiunt:
714 1555 1083 1639 opinionem
1136 1553 1584 1619 vehementem
1649 1553 1728 1617 de
1791 1574 1861 1616 re
1917 1573 2052 1617 non
2103 1551 2418 1637 fugienda
2442 1577 2482 1618 ιε

392 1645 833 1709 inhaerentem
902 1647 969 1707 et
1032 1642 1288 1726 penitus
1354 1641 1623 1706 insitam
1684 1644 2021 1724 tamquam
2079 1639 2418 1725 fugienda3

391 1733 555 1797 haec
628 1734 843 1796 autem
919 1730 1209 1814 opinatio
1282 1732 1384 1794 est
1454 1729 1765 1794 iudicatio
1841 1751 1911 1794 se
1983 1727 2177 1812 scire,
2246 1730 2422 1814 quod

390 1821 654 1885 nesciat.
762 1817 1217 1903 Aegrotationi
1272 1821 1490 1882 autem
1542 1817 1708 1882 talia
1760 1815 2073 1899 quaedam
2123 1817 2422 1882 subiecta

391 1911 569 1973 sunt:
656 1907 1020 1990 avaritia,
1093 1906 1449 1987 ambitio,
1521 1904 2092 1984 mulierositas,
2163 1906 2420 1988 pervi-

389 1997 631 2078 cacia,
667 1995 1100 2077 ligurritio,
1137 1992 1600 2077 vinulentia,
1627 1992 2037 2077 cuppedia,
2084 1996 2151 2057 et
2193 1993 2251 2057 si
2291 2016 2487 2078 quaro

390 2082 651 2147 similia.
749 2081 875 2145 Est
928 2085 1147 2146 autem
1208 2081 1542 2146 avaritia
1595 2081 1888 2164 opinatio
1943 2079 2294 2146 vehemens
2341 2082 2420 2146 de

391 2169 692 2254 pecunia,
738 2169 923 2252 quasi
958 2168 1145 2232 valde
1184 2169 1543 2252 expetenda
1579 2169 1692 2252 sit,
1733 2167 2078 2233 inhaerens
2125 2177 2193 2234 et
2239 2170 2420 2252 peni-

392 2260 501 2322 tus
562 2256 791 2339 insita,
855 2255 1213 2339 similisque
1276 2259 1378 2320 est
1442 2257 1727 2322 eiusdem
1805 2257 2059 2342 generis
2124 2256 2418 2322 definitio

392 2345 803 2429 reliquarum.
877 2341 1321 2408 offensionum
1365 2348 1581 2410 autem
1628 2344 2033 2409 definitiones
2081 2348 2236 2409 sunt
2281 2346 2418 2410 eius

391 2434 595 2517 modi,
648 2435 721 2498 ut
764 2431 1361 2514 inhospitalitas
1416 2433 1505 2497 sit
1548 2432 1768 2516 opinio
1832 2433 2178 2498 vehemens
2224 2433 2416 2498 valde
2442 2457 2486 2498 25

389 2522 769 2609 fugiendum
815 2541 957 2586 esse
1002 2518 1354 2604 hospitem,
1403 2541 1605 2605 eaque
1650 2520 1992 2586 inhaerens
2040 2524 2108 2585 et
2151 2521 2414 2603 penitus

391 2613 616 2695 insita,
658 2610 1084 2692 similiterque
1122 2608 1428 2673 definitur
1462 2613 1528 2673 et
1562 2608 1971 2673 mulierum
2007 2607 2301 2693 odium,
2344 2612 2418 2674 ut

391 2698 767 2783 Hippolyti,
814 2702 904 2782 et,
947 2701 1023 2761 ut
1065 2696 1385 2780 TimoniS,
1432 2696 1740 2781 generis
1786 2696 2120 2761 humani.

524 2788 740 2870 Atque
793 2789 870 2851 ut
934 2785 1014 2851 ad
1067 2785 1460 2850 valetudinis
1523 2783 2012 2849 similitudinem
2074 2784 2412 2850 veniamus

392 2894 593 2956 eaque
630 2874 999 2938 conlatione
1034 2877 1295 2938 utamur
1333 2872 1707 2956 aliquando,
1745 2872 1857 2936 sed
1892 2871 2168 2956 parcius,
2215 2895 2412 2957 quam
2439 2897 2486 2936 so

392 2960 605 3025 solent
640 2958 867 3025 Stoici:
912 2964 988 3025 ut
1024 2965 1177 3025 sunt
1214 2961 1327 3025 alii
1363 2961 1444 3025 ad
1489 2960 1654 3026 alios
1691 2960 1955 3026 morbos
1991 2959 2416 3044 procliviores

393 3045 642 3132 (itaque
694 3046 969 3112 dicimus
1026 3049 1487 3132 gravedinosos
1543 3048 1887 3131 quosdam,
1943 3049 2242 3130 quosdam
2284 3053 2418 3114 tor-

389 3135 706 3217 minos08,
748 3155 881 3198 non
925 3135 1077 3218 quia
1122 3136 1254 3200 iam
1300 3137 1458 3214 sint,
1505 3135 1616 3200 sed
1662 3136 1815 3220 quia
1861 3132 2108 3221 saepe),
2153 3135 2250 3200 sic
2297 3136 2412 3200 alii

388 3223 474 3286 ad
533 3224 801 3304 metum,
857 3221 969 3285 alii
1024 3221 1104 3285 ad
1158 3222 1356 3287 aliam
1410 3185 1989 3310 perturbationem,
2045 3245 2121 3288 ex
2168 3245 2298 3307 quo
2347 3224 2416 3288 in

387 3309 538 3372 aliis
575 3308 958 3391 anxietas,
994 3309 1159 3371 unde
1198 3310 1398 3392 anxii,
1435 3312 1504 3375 in
1537 3311 1682 3375 aliis
1719 3311 2123 3376 iracundia
2160 3311 2414 3395 dicitur,
2438 3335 2486 3376 ³5

386 3415 556 3477 quae
620 3394 703 3458 ab
765 3394 883 3458 ira
945 3394 1184 3477 differt,
1262 3400 1486 3480 estque
1551 3399 1729 3462 aliud
1800 3397 2186 3464 iracundum
2251 3419 2413 3483 esse,

387 3481 566 3544 aliud
628 3481 894 3565 iratum,
955 3485 1033 3547 ut
1094 3481 1312 3546 differt
1364 3485 1657 3550 anxietas
1723 3486 1805 3550 ab
1869 3506 2137 3571 angore3
2199 3507 2412 3570 neque
