2609 3884
627 155 748 212 LIB
800 154 898 210 ΠΙ.
954 154 1106 209 OAP.
1145 159 1391 210 20-23,
1447 159 1478 220 ξ
1514 160 1760 211 49-55.
2072 156 2203 221 377

169 316 317 382 nisi
373 317 604 419 omnia·
640 290 866 383 videri·
899 316 1116 383 subita
1166 316 1445 401 maiora,
1474 319 1571 419 'et
1614 316 1871 402 quidem
1916 318 2024 421 ob·
2048 317 2207 384 duas

173 406 1411 578 ἓξὲἓῗέειὲἐῗὲξῖωῧᾶέοὲᾚζῖἱῖ,
1433 405 2210 577 ⁸3¹3ss130133¹20u5051²3333

175 582 562 665 praecaveri
615 582 932 665 potuisse,
986 580 1044 647 si
1105 582 1442 666 provisum
1505 585 1705 665 esset,
1768 582 1955 665 quasi
2020 582 2211 666 culpa

116 692 148 733 ε
178 671 593 734 contractum
629 669 875 734 malum
913 668 1383 755 aegritudinem
1420 668 1733 735 acriorem
1777 669 1951 735 facit.
2026 669 2211 747 Quod
2247 686 2316 737 53

178 756 284 821 ita
331 777 473 823 esse
519 757 655 823 dies
701 757 1010 840 declarat,
1061 778 1225 842 quae
1268 757 1622 842 procedens
1666 757 1764 823 ita
1808 757 2097 843 mitigat,
2139 761 2215 824 ut

177 844 396 910 isdem
446 845 641 911 malis
688 844 1100 911 manentibus
1137 867 1270 910 non
1305 846 1501 911 modo
1541 846 1822 911 leniatur
1857 845 2213 932 aegritudo,

181 932 305 997 sed
332 934 403 997 in
436 932 760 1018 plerisque
793 932 1086 999 tollatur.
1140 932 1721 1019 Karthaginienses
1750 934 1939 999 multi
1962 933 2213 1000 Romae

180 1021 578 1104 servierunt,
629 1020 1013 1087 Macedones
1067 1042 1220 1107 rege
1273 1020 1470 1087 Perse
1526 1024 1749 1106 capt03
1821 1022 1955 1088 vidi
2014 1022 2213 1087 etiam

93 1132 153 1173 ιο
181 1108 257 1173 in
301 1108 778 1195 Peloponneso,
834 1130 980 1175 cum
1027 1130 1234 1175 essem
1280 1109 1679 1188 adulescens,
1734 1110 2049 1194 quosdam
2094 1106 2215 1175 Co·
2277 1162 2295 1177 ,

181 1195 491 1262 rinthios.
588 1195 678 1261 Hi
729 1199 1037 1281 poterant
1091 1218 1317 1264 omnes
1372 1198 1598 1263 eadem
1658 1197 1774 1265 illa
1828 1197 1906 1264 de
1962 1196 2214 1264 Andro·

183 1284 423 1349 macha
466 1283 832 1369 deplorare:

511 1405 718 1473 Haec
763 1407 1022 1473 omnia
1065 1407 1228 1474 vidi
1275 1457 1539 1494 .....

191 1547 308 1613 sed
354 1548 487 1613 iam
533 1547 1036 1613 decantaverant
1077 1548 1377 1615 fortasse.
1446 1548 1546 1616 Eo
1587 1548 1760 1615 enim
1796 1550 1984 1615 erant
2016 1547 2218 1634 voltu,

105 1660 162 1702 ιε
191 1635 517 1721 oratione,
562 1636 740 1702 omni
792 1638 1042 1722 reliquo
1081 1640 1265 1702 motu
1302 1640 1371 1703 et
1415 1639 1619 1715 statu,
1661 1640 1737 1702 ut
1780 1658 1891 1703 eos
1930 1634 2216 1722 Argivos

188 1728 308 1790 aut
344 1722 676 1810 Sicyonios
715 1724 987 1809 diceres,
1031 1725 1370 1809 magisque
1405 1745 1509 1791 me
1546 1728 1885 1791 moverant
1918 1721 2217 1790 Corinthi

190 1812 408 1878 subito
483 1816 786 1897 aspectae
860 1814 1219 1897 parietinae
1305 1833 1500 1897 quam
1571 1812 1751 1897 ipsos
1824 1810 2217 1896 CorinthioS,

192 1921 464 1985 quorum
523 1902 757 1967 animis
826 1900 1132 1966 diuturna
1197 1901 1507 1987 cogitatio
1572 1900 1806 1965 callum
1867 1899 2215 1966 vetustatis

194 1987 568 2054 obduxerat.
675 1988 982 2073 Legimus
1043 1989 1284 2058 librum
1350 1986 1770 2073 Clitomachi,
1840 2009 2031 2073 quem
2102 1987 2216 2053 ille
2253 2008 2323 2059 54

114 2100 170 2143 ιο
198 2096 421 2141 eversa
458 2074 864 2161 Karthagine
909 2076 1090 2142 misit
1135 2076 1511 2144 consolandi
1558 2096 1753 2141 causa
1797 2075 1879 2143 ad
1923 2075 2218 2160 captivos

197 2163 370 2229 cives
437 2184 615 2249 suos3
677 2164 748 2227 in
806 2184 885 2229 eo
951 2166 1051 2229 est
1111 2163 1470 2248 disputatio
1536 2164 1779 2247 scripta
1850 2161 2243 2248 CarneadiS,>

199 2272 394 2337 quam
447 2272 516 2316 se
575 2250 670 2317 ait
721 2252 793 2316 in
847 2252 1377 2320 commentarium
1438 2251 1789 2317 rettulisse.
1898 2248 2065 2317 Cum
2125 2252 2220 2318 ita

197 2339 483 2424 positum
538 2342 736 2421 esset,
799 2338 1000 2405 videri
1053 2339 1193 2405 fore
1256 2341 1328 2405 in
1393 2340 1795 2425 aegritudine
1859 2340 2219 2425 sapientem

198 2427 413 2513 patria
465 2430 683 2512 capta,
739 2448 902 2512 quae
956 2424 1315 2493 Carneades
1375 2431 1599 2494 contra
1658 2427 1919 2513 dixerit,
1976 2428 2221 2511 scripta

121 2538 176 2583 ιε
203 2518 366 2581 sunt.
446 2514 659 2581 Tanta
701 2515 904 2601 igitur
947 2515 1343 2581 calamitatis
1385 2516 1747 2599 praesentis
1794 2514 2135 2580 adhibetur
2180 2536 2220 2582 a

38 2610 40 2617 '
201 2603 585 2689 philosopho
620 2603 960 2687 medicina,
994 2605 1240 2688 quanta
1274 2604 1669 2670 inveteratae
1700 2623 1782 2668 ne
1820 2602 2222 2669 desideratur

203 2691 482 2778 quidem,
541 2712 690 2777 nec,
753 2691 810 2757 si
869 2692 1120 2777 aliquot
1182 2690 1369 2757 annis
1431 2693 1585 2776 post
1644 2690 1819 2757 idem
1881 2690 1993 2756 ille
2053 2690 2220 2756 liber

205 2779 474 2864 captivis
518 2780 757 2845 missus
803 2784 1000 2862 esset,
1044 2779 1417 2846 volneribus
1462 2779 1852 2864 mederetur,
1895 2777 2010 2843 sed
2055 2779 2218 2845 cica-

204 2868 481 2943 tricibus.
590 2865 846 2933 Sensim
909 2868 1082 2934 enim
1143 2870 1211 2933 et
1268 2867 1737 2953 pedetemptim
1800 2867 2220 2953 progrediens

131 2982 182 3023 so
207 2959 582 3022 extenuatur
634 2955 845 3041 dolor,
896 2977 1033 3022 non
1087 2977 1215 3041 quo
1271 2958 1418 3041 ipsa
1469 2977 1573 3022 res
1626 2954 1957 3021 immutari
2016 2956 2224 3021 soleat

209 3047 316 3110 aut
365 3045 604 3130 possit,
657 3044 770 3111 sed
822 3044 916 3129 id,
974 3044 1144 3129 quod
1197 3045 1366 3110 ratio
1425 3043 1762 3128 debuerat,
1818 3064 1972 3110 usus
2018 3043 2223 3129 docet,

207 3132 453 3199 minora
498 3154 640 3199 esse
686 3154 791 3217 ea,
837 3153 1001 3217 quae
1047 3132 1182 3197 sint
1224 3132 1370 3197 visa
1413 3132 1680 3197 maiora.
2242 3199 2259 3227 ι

335 3220 502 3298 Quid
574 3240 728 3306 ergo
801 3241 966 3304 opus
1039 3222 1167 3305 est,
1229 3218 1400 3286 dicet
1460 3219 1723 3305 aliquis,
1792 3220 2045 3286 ratione
2108 3220 2223 3285 aut
2241 3196 2329 3323 ἐξ

38 3378 40 3383 ,
211 3309 462 3376 omnino
500 3307 946 3375 consolatione
981 3307 1124 3392 illa,
1160 3329 1291 3393 qua
1326 3307 1611 3374 solemus
1648 3307 1773 3391 uti,
1825 3328 1971 3374 cum
2005 3308 2223 3373 levare

38 3396 39 3401 ’
138 3422 187 3465 ss
211 3396 488 3464 dolorem
553 3395 983 3462 maerentium
1044 3394 1387 3462 volumus?
1448 3396 1576 3461 hoc
1641 3393 1814 3460 enim
1886 3394 2019 3459 fere
2080 3397 2223 3459 tum

38 3482 40 3487 ’
209 3485 514 3550 habemus
549 3485 620 3549 in
653 3486 983 3569 promptu,
1015 3482 1183 3549 nihil
1221 3486 1522 3569 oportere
1557 3482 1965 3567 inopinatum
1992 3481 2222 3561 videri3
