2609 3884
295 140 529 195 XXXIV
915 136 1339 193 ADNOTATIO
1379 137 1680 194 CRIthA.

299 299 678 354 Posteritatem
735 297 811 353 ad
861 311 916 353 se
960 301 1128 367 putat
1172 298 1449 365 pertinere
1503 297 1806 365 quidquam
1870 316 2071 354 causae
2136 301 2320 357 simile

293 368 474 425 inesse
511 369 752 424 videtur.
816 368 899 421 De
926 373 991 422 ut
1024 366 1308 436 particula
1335 383 1462 420 cum
1490 373 1590 422 aut
1626 369 1856 422 confusa
1882 388 1932 425 v.
1962 370 2225 425 Wesenb.
2262 390 2318 442 p.

293 446 415 496 224.
444 447 477 494 4
506 440 591 494 ed.
622 438 733 506 Or„
760 456 815 507 p.
845 443 966 492 237.
1000 444 1066 492 14
1095 439 1202 491 etc.
1231 438 1313 507 (in
1344 437 1502 492 libris
1531 439 1601 492 de
1628 438 1720 492 fin.
1751 438 1982 494 eaedem
2008 442 2320 522 particulae

295 510 658 580 quindeciens
693 510 1047 578 permutatae
1087 509 1253 577 sunt).
1301 537 1371 548 —
1406 508 1465 561 P.
1505 514 1627 562 314.
1671 514 1738 563 27
1784 512 1876 564 sui
1926 510 2097 580 Ke11.,
2153 511 2318 579 Bait„

293 582 484 649 Hein.,
531 581 679 647 Sor„
724 595 846 634 sues
889 579 1078 647 codd.,
1139 576 1304 646 Seyff.
1354 607 1422 618 -
1468 577 1529 634 P.
1584 585 1703 634 314.
1747 585 1814 634 29
1864 581 1997 652 [qui
2043 587 2120 636 est
2166 599 2323 638 mons

299 652 531 721 Cariae]
575 649 742 718 Bak.‚
789 649 960 718 Bait„
1006 648 1196 717 Hein.,
1244 648 1363 702 Sor.
1410 677 1478 690 -
1524 649 1585 704 P.
1623 654 1743 703 315.
1786 657 1851 704 23
1892 668 1973 719 sq.
2010 653 2145 707 data
2190 659 2322 708 sunt

288 738 396 792 pro
431 726 561 777 rata
601 726 790 790 parte,
843 722 928 774 ita
977 723 1078 774 aut
1114 749 1181 759 -
1217 718 1399 787 vulg.,
1453 717 1598 773 Bait.
1646 720 1732 774 ed.
1783 720 1940 788 Tur„
1990 722 2043 777 d.
2088 738 2132 776 s.
2171 738 2231 790 p.
2271 741 2317 778 r.

288 798 452 863 parte
497 793 657 847 auita
702 790 888 859 codd.,
936 791 1071 845 data
1115 794 1277 872 sunt,
1323 804 1431 857 pro
1474 795 1603 844 rata
1635 795 1802 858 parte
1846 797 1946 845 aut
1998 792 2120 859 all.,
2174 793 2319 849 Bait.

297 863 384 921 ed.
422 861 667 917 Tauchn.
710 892 777 902 —-
812 861 876 916 P.
903 865 1022 914 315.
1053 865 1124 914 34
1160 861 1339 914 lenius
1373 857 1586 929 Bentl.,
1628 861 1773 914 Bait.
1822 860 1909 917 ed.
1946 860 2218 931 Tauchn.;
2264 882 2318 919 v.

295 933 371 987 ad
407 951 462 1002 p.
495 938 577 988 77.
608 937 658 987 5.
698 963 765 972 --
802 931 863 986 P.
894 937 1014 987 316.
1047 936 1077 985 7
1106 931 1283 985 animi
1318 929 1579 986 Wesenb.
1617 930 2011 1001 probabiliter,
2046 931 2191 990 Bait.
2228 935 2317 990 ed.

295 1004 572 1072 Tauchn.,
617 1002 780 1056 Hein.
829 1033 896 1041 —-
944 1001 1005 1055 P.
1045 1006 1164 1057 316.
1205 1007 1273 1054 23
1331 1001 1473 1056 enim
1518 1016 1554 1054 a
1601 1001 1791 1056 multis
1836 1001 1897 1056 in
1947 1003 2322 1072 suspicionem

297 1076 556 1129 vocatum
587 1089 733 1127 nunc
761 1089 796 1127 a
833 1071 1116 1140 plerisque
1153 1070 1463 1125 editoribus
1500 1071 1741 1126 eiectum
1780 1073 1889 1139 est,
1927 1090 1963 1127 a
1998 1071 2224 1129 Baitero
2259 1075 2323 1130 in

297 1144 386 1199 ed.
414 1143 576 1212 min.‚
613 1143 798 1212 ipsum
823 1143 1057 1196 verbum
1085 1142 1240 1196 vadit
1265 1140 1548 1196 neminem
1576 1141 1873 1196 offendisse
1899 1143 2141 1199 videtur.
2196 1146 2321 1215 Ego

297 1214 495 1282 miror,
535 1213 669 1283 quid
698 1212 772 1267 sit
798 1214 860 1266 in
885 1228 912 1267 s
977 1213 1145 1280 phum
1171 1212 1393 1276 vadere,
1428 1211 1718 1280 multoque
1746 1212 1954 1282 magis,
1982 1229 2321 1282 praesensne

297 1286 520 1354 tempus
555 1284 814 1338 videatur
857 1299 889 1337 v
967 1283 1014 1337 it
1057 1299 1130 1336 an
1173 1281 1504 1351 perfectum.
1543 1312 1611 1322 —
1648 1283 1709 1336 P.
1739 1288 1861 1337 319.
1890 1289 1922 1338 2
1970 1284 2129 1340 Istic
2172 1285 2319 1342 Bait.

300 1355 387 1409 ed.
425 1356 555 1412 Tur.
595 1354 712 1408 sine
761 1353 930 1408 dubio
981 1367 1182 1408 errore.
1221 1383 1289 1392 —-
1326 1352 1388 1406 P.
1426 1358 1547 1407 319.
1587 1359 1655 1407 20
1694 1369 1774 1420 sq.
1810 1354 1862 1408 is
1910 1355 2123 1423 quidem
2156 1355 2319 1410 Hein.

301 1455 368 1466 —
407 1425 466 1481 P.
510 1431 630 1480 319.
670 1431 736 1479 31
775 1425 874 1496 [in
913 1424 1160 1492 patriam
1239 1421 1415 1477 Bakio
1461 1425 1689 1477 auctore
1734 1422 1880 1477 Bait.
1920 1453 1987 1463 —
2023 1424 2085 1479 P.
2126 1431 2247 1480 320.
2288 1432 2320 1481 5

298 1497 444 1564 quod
478 1511 599 1550 sum
627 1510 800 1564 passa
835 1493 980 1550 Bait.
1020 1493 1106 1548 ed.
1194 1493 1393 1548 auchn.
1431 1494 1643 1548 temere
1680 1495 1901 1548 secutus
1931 1493 2322 1565 Ribbeckium,

299 1568 364 1619 ut
397 1566 446 1620 is
482 1565 604 1634 ipse
639 1563 922 1619 intellexit
959 1565 1032 1633 (p.
1061 1562 1189 1617 XXI
1227 1563 1315 1617 ed.
1344 1563 1398 1616 II
1431 1563 1577 1634 trag.
1613 1563 1852 1634 fragm).
1886 1594 1952 1604 —
1980 1570 2102 1620 320.
2133 1572 2163 1620 7
2202 1573 2322 1622 erat

299 1653 402 1758 gro
448 1638 552 1691 erit
593 1636 756 1690 Hein.
805 1665 872 1676 -—
917 1634 978 1690 P.
1020 1639 1139 1688 320.
1180 1638 1248 1687 14
1301 1638 1457 1688 tuum
1510 1634 1642 1702 post
1693 1639 1887 1689 natam
1940 1634 2069 1690 add.
2116 1635 2320 1705 Bentl.,

350 1706 474 1774 ait.,
512 1706 606 1762 all.
648 1737 715 1748 —
751 1705 813 1762 P.
851 1709 970 1761 320.
1009 1710 1077 1759 22
1114 1705 1363 1758 semiesas
1398 1702 1609 1772 Bentl.,
1661 1703 1851 1773 Seyffi,
1896 1705 2053 1760 sireis
2096 1705 2322 1776 Haupt„

302 1778 463 1832 Ribb.
497 1777 584 1832 ed.
613 1778 682 1843 ΙΙ,
710 1776 842 1832 semi
867 1775 980 1830 assi
1005 1776 1112 1829 reis
1138 1773 1320 1840 codd.,
1356 1789 1571 1843 quaeso,
1595 1790 1741 1829 meas
1766 1775 1927 1843 (mias
1953 1775 2138 1844 Ribb.)
2166 1780 2325 1832 sieris

301 1847 446 1902 Bait.
469 1847 554 1901 ed.
576 1847 842 1912 Tauchn.,
871 1844 1054 1912 Ribb„
1081 1843 1262 1912 Hein.,
1289 1843 1417 1898 Neu
1435 1845 1697 1913 reliquias
1718 1886 1730 1899 .
1753 1887 1766 1901 .
1790 1886 1801 1898 .
1828 1861 1973 1900 meas
1997 1847 2155 1901 sieris
2177 1846 2322 1904 Bait.

303 1918 390 1973 ed.
429 1918 556 1972 Tur.
599 1949 666 1956 -
702 1917 763 1972 P.
802 1921 922 1970 320.
962 1921 1032 1968 24
1069 1931 1150 1982 sq.
1189 1915 1494 1969 octonarios
1528 1913 1749 1981 Lamb.,
1797 1914 1959 1984 Seyff.
1998 1946 2067 1956 —
2101 1916 2163 1973 P.
2201 1924 2324 1974 321.

302 1993 370 2111 {2⁹
402 2003 505 2110 332
526 1987 966 2126 [mma
998 1984 1479 2122 ”issssssimiss'ffil
1501 1982 1773 2108 ἔζῗθὲἲ·
1788 1984 2324 2113 ’.ῗέἱῗὲἒῗὲὴζζ

306 2127 448 2181 Sane
486 2126 606 2193 qui,
657 2125 707 2178 si
743 2124 876 2193 quid
911 2096 1311 2192 tempestivum
1348 2125 1433 2178 est
1469 2124 1543 2179 ad
1580 2127 1844 2194 mortem,
1893 2125 2038 2196 obit,
2084 2131 2325 2182 mortem

305 2195 450 2264 obit,
489 2196 588 2250 sed
623 2211 721 2250 cur
753 2195 862 2249 hoc
900 2194 1222 2248 Ciceronem
1259 2193 1577 2250 necessario
1615 2194 1845 2264 dixisse,
1889 2195 2034 2250 illud
2076 2215 2191 2252 non
2226 2216 2325 2268 po-

303 2266 474 2320 tuisse
513 2265 698 2320 dicere
738 2281 1087 2333 censeamus,
1125 2264 1386 2333 equidem
1422 2265 1565 2320 adeo
1592 2282 1705 2320 non
1741 2267 2038 2336 intellego,
2084 2270 2149 2322 ut
2183 2269 2327 2324 illud

305 2336 488 2406 magis
517 2336 656 2390 mihi
692 2337 934 2408 placeat.
993 2336 1184 2390 Malta
1215 2337 1529 2404 tempestiva
1556 2337 1704 2392 obire
1732 2336 1943 2391 dictum
1971 2339 2073 2404 est,
2110 2340 2175 2392 ut
2200 2345 2324 2394 tem-

300 2423 438 2476 pus,
475 2424 711 2473 annum,
746 2407 889 2462 diem
924 2407 1098 2471 obire,
1133 2405 1171 2460 i.
1201 2423 1247 2461 e.
1275 2422 1389 2461 non
1416 2407 1877 2477 praetermittere.
1910 2437 1977 2446 —
2012 2407 2074 2461 P.
2106 2414 2224 2462 323.
2256 2415 2325 2464 28

305 2480 550 2548 Argivae
584 2478 806 2547 Lamb.,
843 2474 987 2531 Bait.
1028 2477 1112 2531 ed.
1152 2477 1428 2546 Tauchn.,
1477 2476 1671 2546 Seyff.‚
1716 2475 1906 2545 Hein.,
1944 2476 2119 2534 Sorof.
2159 2511 2224 2519 —
2263 2479 2324 2536 P.

308 2554 428 2605 323.
468 2555 536 2604 36
581 2550 644 2604 id
686 2549 802 2605 illis
836 2549 1077 2618 praemii
1123 2545 1320 2616 Rath„
1370 2546 1562 2616 Seyff„
1614 2547 1804 2616 Hein.,
1858 2549 1972 2602 illis
2022 2551 2329 2618 praemium

308 2619 486 2688 Bait„
535 2619 712 2676 Sorof.
761 2651 828 2660 -
865 2620 927 2674 P.
967 2625 1087 2674 324.
1128 2624 1194 2674 29
1232 2619 1462 2690 [rebus]
1494 2617 1714 2687 Lamb.‚
1763 2617 1908 2673 Bait.
1947 2649 2014 2659 —
2051 2620 2111 2674 P.
2143 2626 2263 2676 325.
2294 2627 2329 2675 4

309 2696 718 2745 commemorant
752 2690 880 2745 add.
918 2689 1178 2756 Vahlen,
1217 2689 1483 2745 Zeitschr.
1520 2689 1560 2744 f.
1600 2688 1809 2744 Oester.
1850 2689 1911 2744 G.
1954 2693 2086 2743 1873
2124 2707 2178 2759 p.
2223 2696 2325 2744 243

310 2759 686 2883 {aq-esau
1033 2758 2131 2896 s-mgfffs
2144 2759 2324 2883 ..1223-

313 2899 518 2965 soros„
555 2870 736 2967 viyeoit
769 2896 942 2962 Bait.;
979 2897 1093 2950 vid.
1133 2896 1294 2963 Seyff.
1331 2896 1485 2950 Lael.
1521 2914 1575 2964 p.
1608 2901 1690 2950 τε.
1732 2926 1796 2936 -
1828 2868 1895 2951 'P.
1926 2902 2044 2952 325.
2076 2870 2147 2952 ἰτ
2175 2872 2328 2971 [itaJ’

310 2968 573 3024 Wesenb.
614 2969 841 3022 auctore
878 2965 1022 3021 Bait.
1064 2998 1129 3006 —
1167 2966 1227 3019 P.
1267 2971 1385 3020 325.
1424 2971 1489 3019 21
1526 2967 1778 3035 peremit,
1822 2965 1961 3020 item
2006 2985 2060 3037 p.
2100 2976 2219 3027 335.
2262 2977 2326 3027 12

312 3055 343 3093 e
381 3038 570 3107 codd.,
606 3055 662 3107 p.
706 3042 824 3092 335.
857 3042 887 3091 5
936 3038 1134 3091 contra
1171 3035 1332 3089 codd.
1380 3036 1666 3090 interemor
1710 3036 1853 3090 Bait.
1892 3067 1962 3078 —
1998 3039 2059 3093 P.
2098 3045 2219 3096 325.
2258 3047 2329 3099 34

314 3109 422 3164 del.
462 3109 621 3163 alter.
659 3109 724 3162 in
758 3107 1047 3175 Wesenb.,
1082 3105 1254 3173 Bait.‚
1293 3105 1485 3175 Seyff,
1521 3106 1711 3175 Hein.,
1750 3105 1895 3176 Sor.;
1947 3127 1999 3166 v.
2037 3111 2111 3165 ad
2146 3130 2199 3182 p.
2242 3118 2325 3172 10.

313 3185 397 3235 20.
437 3204 504 3220 —
540 3179 601 3234 P.
632 3184 753 3233 326.
783 3184 849 3233 22
888 3180 1036 3232 omni
1071 3193 1099 3232 e
1126 3177 1475 3246 philosophia
1516 3179 1695 3248 vulg„
1743 3181 1917 3235 omnis
1952 3182 2328 3252 philosophiae

311 3250 524 3317 Halm.,
564 3247 753 3318 Seyff.;
790 3267 840 3304 v.
882 3248 1047 3318 Seyff.
1083 3247 1235 3304 Lael.
1272 3266 1328 3317 p.
1358 3254 1461 3304 442
1492 3266 1573 3318 sq.
1603 3281 1670 3290 —
1698 3249 1760 3304 P.
1790 3256 1910 3306 328.
1945 3257 2008 3306 15
2047 3270 2325 3324 eompara-

310 3322 409 3376 vit
445 3320 514 3374 de
542 3321 689 3375 Man.
722 3319 1037 3376 coniectura
1075 3321 1281 3374 recent.
1321 3320 1445 3376 edd.
1484 3311 1708 3391 praeter
1732 3321 2089 3379 Kuehnerum
2118 3341 2325 3393 omnes,

311 3392 467 3445 nulla
521 3391 658 3459 alia,
715 3391 938 3461 opinor,
993 3408 1162 3446 causa
1217 3391 1473 3459 adducti,
1528 3391 1637 3447 nisi
1693 3393 1841 3462 quod
1906 3395 2042 3449 alibi
2104 3396 2327 3466 scripsit

312 3460 503 3516 Cicero
550 3464 785 3521 remedia
829 3464 1165 3533 comparavit
1209 3463 1284 3519 ad
1327 3463 1669 3520 tolerandum
1714 3465 1947 3520 dolorem
1993 3467 2077 3536 (ut
2125 3469 2234 3522 vici
2270 3469 2327 3522 et
