2609 3884
691 159 827 219 Lm.
863 164 906 218 1.
963 162 1119 220 GAP.
1154 170 1331 221 8—5.
1386 171 1418 231 ς
1455 169 1663 222 8—13.
2099 166 2185 233 97

163 324 441 410 habent,
491 324 644 389 illas
687 345 822 390 non
876 336 1271 411 magnopere
1322 326 1703 393 desiderent.
1803 328 1923 405 Qui
1968 333 2186 395 autem
2225 346 2285 395 ιι

165 413 300 478 alia
353 413 605 478 malunt
659 413 857 478 scribi
911 436 952 477 a
993 413 1210 492 nobis,
1267 415 1458 499 aequi
1513 437 1655 480 esse
1698 416 1961 501 debent,
2014 418 2186 502 quod

167 506 234 566 et
280 501 523 584 scripta
567 501 774 565 multa
819 504 996 585 sunt,
1051 502 1145 566 sic
1189 505 1264 566 ut
1317 504 1505 586 plura
1555 504 1801 569 nemini
1846 526 1881 570 e
1924 506 2185 590 nostris,

167 593 236 653 et
273 588 637 654 scribentur
669 589 949 654 fortasse
984 590 1188 674 plura,
1225 591 1284 655 si
1312 591 1449 657 vita
1486 595 1813 676 suppetet3
1851 596 1917 657 et
1950 596 2185 678 tamen,

87 701 114 741 ⁵
166 676 280 761 qui
324 676 670 761 diligenter
704 675 893 760 haec,
940 698 1104 760 quae
1153 676 1230 742 de
1275 678 1693 762 philosophia
1730 679 1971 745 litteris
2007 703 2185 747 man-

166 766 424 849 damus,
468 764 684 849 legere
734 765 1115 849 assueverit,
1159 764 1473 831 iudicabit
1506 766 1690 832 nulla
1724 767 1806 831 ad
1841 768 2185 853 legendum

164 852 272 918 his
327 873 468 917 esse
523 852 797 937 potiora.
898 851 1068 929 Quid
1131 857 1232 918 est
1293 854 1469 956 enim
1520 854 1591 918 in
1638 854 1781 956 yita
1842 859 2188 957 tantopere

164 939 648 1113 ἓῖθζέἓὲᾚ
667 961 886 1095 Ἓὲἓε
927 961 1313 1112 {¹²30sssser
1315 964 1487 1113 aqi?
1512 941 1631 1095 {²13¹
1633 943 1842 1115 3232?
1845 942 2186 1116 {2301ssssss

93 1142 142 1181 ιο
167 1120 473 1202 tremum,
518 1116 674 1200 quid
716 1117 1043 1200 ultimum,
1101 1138 1227 1200 quo
1273 1118 1408 1182 sint
1452 1119 1674 1183 omnia
1716 1119 1879 1184 bene
1923 1120 2186 1185 vivendi

166 1209 464 1288 recteque
525 1203 810 1269 faciendi
873 1204 1145 1271 consilia
1215 1205 1576 1290 referenda,
1648 1206 1804 1291 quid
1880 1212 2188 1292 sequatur

165 1288 404 1366 natura
454 1296 528 1356 ut
574 1313 897 1357 summum
945 1314 1021 1356 ex
1074 1293 1269 1357 rebus
1324 1294 1726 1379 expetendis,
1779 1295 1933 1379 quid
1974 1296 2189 1380 fugiat

166 1384 241 1445 ut
296 1383 654 1444 extremum
707 1379 1077 1445 malorum?
1186 1380 1331 1457 Qua
1392 1382 1471 1447 de
1532 1404 1603 1465 re
1660 1403 1808 1448 cum
1870 1383 1958 1448 sit
2018 1384 2187 1450 inter

166 1468 579 1533 doctissimos
617 1489 870 1533 summa
915 1468 1261 1552 dissensio,
1306 1470 1451 1553 quis
1490 1470 1776 1535 alienum
1817 1474 2004 1556 putet
2048 1472 2185 1537 eius

90 1580 139 1621 15
169 1577 310 1622 esse
366 1556 734 1641 dignitatis,
792 1577 985 1639 quam
1039 1556 1202 1621 mihi
1256 1558 1525 1642 quisque
1580 1559 1852 1643 tribuat,
1911 1560 2065 1643 quid
2116 1560 2187 1625 in

167 1644 346 1710 omni
398 1664 663 1709 munere
715 1643 892 1709 vitae
948 1644 1266 1727 optimum
1323 1648 1389 1709 et
1441 1646 1851 1711 verissimum
1906 1648 2020 1730 sit,
2080 1668 2185 1711 ex-

167 1729 464 1817 quirere?
533 1731 667 1814 An,
701 1734 926 1815 partus
963 1731 1236 1796 ancillae
1274 1732 1446 1797 sitne
1481 1734 1550 1797 in
1582 1733 1798 1798 fructu
1834 1733 2187 1819 habendus,
2225 1754 2289 1802 12

167 1821 518 1885 disseretur
587 1819 760 1884 inter
845 1819 1172 1904 principes
1246 1820 1561 1905 civitatis,
1640 1821 1711 1886 P.
1790 1819 2186 1905 Scaevolam,

164 1906 395 1992 M'.que
481 1905 849 1991 Manilium,
923 1908 1004 1971 ab
1074 1908 1281 1992 iisque
1362 1906 1451 1976 M.
1522 1908 1763 1975 Brutus
1847 1909 2188 1976 dissentiet

87 2020 139 2060 ιο
167 1993 366 2082 (quod
423 1997 488 2059 et
543 1998 803 2061 acutum
858 2014 1061 2079 genus
1127 1999 1228 2061 est
1281 2001 1347 2061 et
1402 1998 1483 2062 ad
1536 2020 1691 2063 usus
1755 1998 1993 2063 civium
2054 2020 2186 2063 non

165 2082 427 2166 inutile,
472 2104 720 2167 nosque
767 2103 844 2147 ea
888 2083 1134 2167 scripta
1176 2085 1546 2169 reliquaque
1592 2085 1879 2151 eiusdem
1927 2088 2185 2171 generis

166 2174 232 2236 et
288 2171 569 2256 legimus
633 2170 914 2236 libenter
976 2175 1044 2235 et
1101 2171 1447 2259 legemus);
1507 2173 1693 2258 haec,
1752 2196 1917 2259 quae
1979 2175 2186 2239 vitam

165 2281 430 2325 omnem
483 2258 846 2344 continent,
909 2260 1383 2345 neglegentur?
1484 2261 1683 2344 Nam,
1746 2266 1822 2327 ut
1876 2263 2009 2326 sint
2069 2263 2185 2326 illa

101 2394 108 2403 .
164 2346 623 2430 vendibiliora,
685 2346 848 2412 haec
911 2347 1215 2412 uberiora
1265 2351 1439 2413 certe
1502 2353 1670 2414 sunt.
1779 2349 2185 2434 Quamquam

87 2460 136 2502 25
163 2435 234 2500 id
289 2434 550 2519 quidem
602 2434 828 2499 licebit
877 2434 959 2500 iis
1015 2435 1415 2515 existimare,
1473 2438 1583 2521 qui
1644 2438 1938 2522 legerint.
2034 2436 2183 2503 Nos

165 2526 388 2587 autem
440 2521 608 2587 hanc
662 2543 918 2587 omnem
976 2524 1418 2606 quaestionem
1462 2525 1541 2590 de
1585 2526 1821 2591 finibus
1864 2525 2184 2591 bonorum

165 2615 233 2675 et
286 2609 608 2675 malorum
660 2602 798 2675 fere
843 2632 883 2675 a
926 2611 1116 2677 nobis
1161 2612 1552 2694 explicatam
1599 2633 1739 2677 esse
1794 2611 1899 2677 bis
1945 2612 2181 2677 litteris

165 2698 584 2782 arbitramur,
627 2698 699 2763 in
742 2698 1005 2783 quibus,
1049 2702 1363 2783 quantum
1407 2700 1761 2785 potuimus,
1814 2721 1948 2765 non
1991 2700 2182 2766 modo

164 2785 324 2869 quid
383 2785 576 2850 nobis
637 2786 1051 2871 probaretur,
1123 2785 1236 2851 sed
1308 2788 1507 2853 etiam
1578 2788 1735 2871 quid
1806 2810 1847 2853 a
1908 2788 2181 2873 singulis

87 2899 139 2939 ao
165 2872 624 2957 philosophiae
669 2873 1027 2957 disciplinis
1073 2873 1419 2960 diceretur,
1462 2876 1783 2960 persecuti
1830 2898 2067 2942 sumus.

298 2960 394 3027 Ut
447 2965 664 3027 autem
711 2983 750 3026 a
802 2960 1133 3027 facillimis
1181 2963 1535 3048 ordiamur,
1589 2966 1802 3048 prima
1852 2966 2069 3029 veniat
2112 2966 2183 3029 in
2220 2943 2287 3068 153

161 3048 454 3113 medium
504 3048 773 3133 Epicuri
824 3050 1022 3133 ratio,
1078 3072 1240 3134 quae
1292 3052 1621 3137 plerisque
1664 3052 2006 3118 notissima
2055 3057 2180 3137 est3

165 3159 361 3221 quam
417 3159 457 3201 a
510 3137 700 3202 nobis
758 3136 854 3202 sic
905 3138 1244 3223 intelleges
1299 3140 1689 3225 expositam,
1742 3145 1817 3206 ut
1870 3141 1953 3206 ab
2004 3141 2183 3224 ipsiS‚

165 3226 277 3308 qui
333 3246 481 3289 eam
534 3224 944 3308 disciplinam
997 3226 1302 3310 probant,
1370 3249 1505 3293 non
1559 3229 1767 3294 soleat
1820 3228 2181 3294 accuratius

88 3337 138 3377 35
165 3311 497 3397 explicari.
595 3311 841 3377 Verum
896 3313 1071 3377 enim
1123 3314 1413 3380 invenire
1465 3316 1789 3398 volumus,
1842 3338 1976 3382 non
2018 3319 2181 3381 tam-

164 3422 360 3484 quam
399 3400 836 3465 adversarium
864 3400 1142 3484 aliquem
1169 3401 1565 3469 convincere.
1620 3403 1937 3470 Accurate
1966 3406 2181 3468 autem

164 3487 492 3571 quondam
529 3508 570 3552 a
605 3486 675 3552 L.
711 3486 1056 3573 Torquato,
1095 3489 1357 3556 homine
1386 3492 1563 3556 omni
1592 3492 1884 3558 doctrina
1912 3490 2189 3569 erudito,-

272 3600 384 3642 c1c.
413 3601 496 3641 Π.
534 3602 570 3641 1.
1832 3600 1862 3646 ’1
