2609 3884
652 176 787 231 Lm.
824 176 892 233 V.
951 175 1104 233 CAP.
1143 182 1390 233 30—32.
1446 180 1476 243 5
1517 182 1760 233 92—96.
2094 177 2225 243 275

211 338 400 403 credo
408 388 427 421 ,
479 338 549 403 in
594 337 944 423 sententia,
1000 338 1114 423 qui
1169 338 1459 405 dolorem
1504 340 1746 403 malum
1801 338 2023 405 dicunt
2066 361 2228 425 esse,

212 427 288 491 de
333 426 684 510 asperitate
731 431 949 491 autem
997 428 1134 491 eius
1187 426 1449 491 fortiter
1500 426 1765 492 ferenda
1816 428 2227 512 praecipiunt

211 514 463 616 eadem,
516 535 680 598 quae
736 512 956 579 Stoici.
1054 514 1146 579 Et
1200 515 1459 598 quidem
1502 515 1831 580 Arcesilas
1874 518 2055 600 tuus,
2102 517 2227 581 etsi

28 656 32 663 .
208 601 337 667 fuit
379 603 450 668 in
495 601 863 668 disserendo
909 603 1337 685 pertinacior,
1382 606 1601 667 tamen
1636 606 1859 669 noster
1891 604 2042 687 fuit3
2089 608 2229 669 erat

27 686 32 765 ζ
155 714 183 755 5
213 691 383 755 enim
425 690 815 756 Polemonis.
895 688 963 754 Is
1009 711 1153 755 cum
1201 690 1454 755 arderet
1507 691 1834 775 podagrae
1881 691 2227 777 doloribu8,

28 776 32 783 ’
209 778 666 862 visitassetque
720 778 1050 843 hominem
1097 775 1477 843 Charmides
1523 778 1879 862 Epicureus
1926 779 2227 863 perfami-

210 866 388 932 liaris
426 870 492 931 et
525 866 729 931 tristis
769 867 1000 950 exiret,
1032 864 1253 950 Mane,
1291 887 1531 951 quaeso
1539 916 1558 951 ,
1592 867 1831 952 inquit,
1878 864 2225 932 Charmide

207 958 455 1038 noster;
509 954 675 1019 nihil
729 954 910 1019 illine
962 954 1091 1021 huc
1141 954 1456 1038 pervenit.
1555 953 1859 1020 Ostendit
1918 956 2113 1039 pedes
2162 959 2229 1020 et

206 1046 449 1127 pectus.
537 1042 637 1108 Ac
680 1045 900 1108 tamen
943 1042 1051 1108 hic
1094 1042 1319 1107 mallet
1360 1064 1495 1107 non
1540 1039 1776 1108 dolere.

25 1100 34 1227 ἶ
128 1156 180 1196 ιο
338 1130 520 1196 Haec
583 1131 785 1216 igitur
845 1134 947 1195 est
1008 1134 1234 1196 nostra
1289 1130 1491 1212 ratiO,
1556 1152 1720 1216 quae
1782 1130 1907 1195 tibi
1969 1129 2225 1196 videtur
2244 1105 2331 1170 32

204 1219 611 1303 inconstans,
662 1240 810 1284 cum
865 1222 1135 1303 propter
1185 1219 1443 1283 virtutis
1498 1219 1841 1284 caelestem
1902 1180 2330 1303 quandam⁹⁶

209 1311 278 1372 et
331 1307 618 1372 divinam
675 1310 1057 1392 tantamque
1123 1306 1620 1391 praestantiam,
1680 1310 1781 1391 ut,
1842 1308 1957 1371 ubi
2018 1307 2225 1373 virtus

211 1396 300 1459 sit
341 1416 572 1479 resque
618 1415 893 1480 magnae
931 1398 999 1459 et
1034 1415 1280 1459 summe
1316 1393 1675 1460 laudabiles
1710 1396 1951 1460 virtute
1988 1398 2227 1481 gestae,

24 1544 32 1567 .-
207 1483 303 1548 ibi
347 1504 489 1549 esse
533 1482 796 1548 miseria
841 1486 907 1547 et
950 1503 1259 1548 aerumna
1300 1504 1434 1547 non
1486 1483 1723 1567 possit,
1774 1485 1996 1548 tamen
2038 1484 2227 1549 labor

23 1570 32 1649 [s
124 1595 180 1637 15
206 1570 442 1655 possit,
484 1570 698 1655 possit
740 1570 1068 1655 molestia,
1111 1592 1245 1637 non
1288 1570 1577 1635 dubitem
1623 1570 1832 1636 dicere
1870 1592 2091 1636 omnes
2130 1594 2226 1635 sa-

23 1664 30 1673 '
204 1660 458 1743 pientes
506 1680 762 1743 semper
806 1680 945 1725 esse
990 1659 1246 1741 beatos,
1291 1658 1404 1723 sed
1446 1662 1668 1723 tamen
1710 1660 1853 1723 fieri
1895 1681 2106 1742 posse,
2150 1662 2226 1723 ut

207 1747 294 1812 sit
337 1748 503 1813 alius
551 1747 681 1812 alio
725 1747 998 1813 beatior.
1067 1745 1273 1831 Atqui
1310 1747 1437 1811 iste
1476 1747 1657 1812 locus
1705 1751 1831 1830 est,
1874 1747 2057 1830 Piso,
2099 1744 2225 1811 tibi

206 1836 403 1901 etiam
466 1838 659 1921 atque
723 1835 920 1901 etiam
985 1832 1490 1918 confirmandus,
1557 1835 1850 1920 inquam3
1913 1855 2102 1919 quem
2169 1836 2225 1900 si

22 1990 28 2005 ,
203 1925 520 2007 tenueris,
575 1944 708 1990 non
751 1924 944 1989 modo
990 1944 1207 1988 meum
1253 1921 1656 2006 Ciceronem,
1710 1922 1821 1988 sed
1877 1924 2075 1988 etiam
2120 1945 2223 1988 me

21 2022 28 2091 ζ
124 2036 179 2079 so
206 2013 426 2095 ipsum
479 2012 759 2077 abducas
812 2012 1055 2077 licebit.
1144 2010 1311 2075 Tum
1356 2010 1665 2086 Quintus.
1738 2009 1905 2075 Mihi
1949 2011 2224 2095 quidem,

22 2110 26 2119 '
206 2101 442 2183 inquit,
490 2099 646 2163 satis
689 2100 816 2165 hoc
860 2100 1315 2180 confirmatum
1360 2097 1641 2182 videtur,
1692 2100 2025 2184 laetorque
2084 2122 2225 2165 eam

205 2187 719 2272 philosophiam,
773 2186 955 2251 cuius
1010 2190 1202 2251 antea
1257 2186 1723 2270 supellectilem
1781 2188 1986 2270 pluris
2033 2186 2225 2253 aesti-

207 2276 466 2340 mabam
512 2296 705 2359 quam
748 2274 1188 2359 possessiones
1233 2275 1629 2359 reliquarum
1678 2274 1803 2361 (ita
1839 2275 2001 2340 mihi
2046 2275 2223 2340 dives

206 2364 572 2444 videbatur,
609 2366 684 2428 ut
719 2363 801 2428 ab
840 2384 916 2427 ea
950 2365 1168 2445 petere
1211 2384 1499 2446 possem,
1544 2362 1903 2449 quicquid
1884 2386 1952 2427 m
1990 2363 2223 2429 studiis

22 2534 24 2539 ³
123 2475 178 2516 25
205 2452 448 2517 nostris
484 2414 980 2536 cohcupissem),
1021 2450 1190 2515 hanc
1235 2451 1439 2537 igitur
1482 2451 1693 2518 laetor
1738 2451 1935 2516 etiam
1982 2452 2224 2517 acutio-

205 2561 344 2605 rem
398 2543 722 2623 repertam
774 2561 969 2623 quam
1024 2542 1298 2622 ceteras,
1359 2538 1531 2623 quod
1589 2540 1851 2624 quidam
1897 2540 1956 2603 ei
2004 2539 2224 2603 deesse

207 2628 524 2693 dicebant.
621 2625 773 2691 Non
824 2649 1018 2711 quam
1071 2632 1364 2694 nostram
1420 2626 1703 2711 quidem,
1762 2627 1974 2711 inquit
2032 2627 2224 2692 Pom-

203 2716 439 2799 ponius
501 2716 752 2800 iocans3
818 2716 931 2780 sed
994 2715 1355 2780 mehercule
1417 2718 1725 2799 pergrata
1786 2714 1949 2779 mihi
2012 2716 2223 2779 oratio

203 2807 337 2869 tua.
445 2803 621 2881 Quae
675 2804 850 2869 enim
913 2802 1042 2868 dici
1094 2802 1327 2868 Latine
1390 2824 1583 2886 posse
1645 2823 1776 2869 non
1840 2802 2222 2883 arbitrabar,

120 2915 176 2956 so
206 2913 284 2957 ea
335 2891 510 2956 dicta
565 2894 717 2956 sunt
769 2914 809 2955 a
861 2895 957 2976 te,
1007 2912 1128 2955 nec
1181 2892 1397 2955 minus
1450 2891 1643 2974 plane
1701 2891 1967 2973 [verbis]
2027 2914 2222 2975 quam

204 2979 505 3044 dicuntur
549 3003 588 3045 a
634 2978 898 3045 Graecis
946 2978 1200 3062 [aptisJ.
1289 2977 1414 3044 Sed
1458 2981 1714 3063 tempus
1762 2982 1886 3063 est,
1947 2979 2004 3044 si
2050 2980 2222 3043 vide-

201 3070 339 3153 tur,
393 3071 459 3133 et
501 3070 677 3133 recta
723 3066 979 3152 quidem
1025 3066 1105 3131 ad
1157 3088 1279 3131 me.
1371 3066 1556 3143 Quod
1602 3089 1748 3132 cum
1792 3067 1904 3131 ille
1952 3066 2224 3131 dixisset

204 3158 270 3220 et
323 3156 484 3222 satis
538 3156 940 3239 disputatum
995 3153 1348 3239 videretur,
1401 3154 1471 3222 in
1526 3155 1832 3240 oppidum
1890 3154 1973 3219 ad
2032 3154 2221 3221 Pom-

201 3244 468 3329 ponium
510 3243 907 3329 perreximus
955 3262 1200 3307 omnes.

1794 3608 1903 3663 18*

2261 2027 2330 2075 96
