2609 3884
189 1286 258 1335 22

297 137 430 202 244
629 138 724 192 DE
763 136 1052 192 FINIBUS
1088 135 1452 192 BONORUM
1484 136 1580 192 ΕΤ
1615 136 1985 194 MALORUM

295 299 532 385 phonti
585 298 1122 384 Dinomachoque
1182 300 1457 384 placuit,
1526 304 1640 365 aut
1702 298 1945 364 doloris
2008 300 2319 385 vacuitas,

295 393 373 454 ut
433 388 749 472 Diodoro,
815 391 930 453 aut
991 388 1202 471 prima.
1262 391 1559 473 naturae,
1633 391 1710 452 ut
1770 387 2081 472 antiquie,
2153 410 2317 473 quos

297 477 559 543 eosdem
606 476 1030 542 Academicos
1077 480 1144 541 et
1186 476 1651 560 Peripateticos
1696 476 2122 541 nominamus.
2191 474 2325 541 Sed-

299 565 604 652 quoniam
641 586 776 629 non
819 568 1098 648 possunt
1131 564 1354 629 omnia
1390 564 1585 628 simul
1632 562 1786 648 dici,
1829 562 1988 628 haec
2022 564 2094 629 in
2134 584 2320 647 prae⁴

298 653 512 718 sentia
561 656 724 718 nota
776 673 918 717 esse
971 652 1324 736 debebunt,
1386 652 1795 736 voluptatem·
1854 651 2316 717 semovendam
2348 676 2375 718 5

297 762 466 825 esse,
520 740 776 825 quando
833 739 915 805 ad
969 741 1220 805 maiora
1263 740 1608 824 quaedam,
1660 742 1737 804 ut
1778 739 1912 803 iam
1958 740 2317 825 apparebit,

296 829 440 895 nati
503 850 742 895 sumus.
849 828 950 893 De
1011 829 1333 893 vacuitate
1397 828 1643 893 doloris
1704 828 1927 892 eadem
1984 828 2125 892 fere
2187 828 2320 893 dici

297 918 538 1000 solent,
602 939 766 1001 quae
830 916 908 982 de
971 917 1328 1000 voluptate.
1438 914 1793 997 [Quoniam-
1844 915 2051 1000 igitur
2110 920 2175 980 et
2237 916 2319 980 de

295 1006 632 1089 voluptate
678 1026 823 1069 eum
869 1003 1198 1089 Torquato
1246 1008 1314 1069 et
1358 1004 1437 1068 de
1482 1004 1853 1087 honestate,
1898 1005 1969 1069 in
2013 1025 2145 1088 qua
2185 1024 2319 1069 una

297 1115 484 1159 omne
528 1094 774 1157 bonum
818 1094 1190 1176 poneretur,
1245 1112 1392 1156 cum
1439 1090 1685 1157 Catone
1741 1094 1843 1156 est
1894 1091 2319 1177 disputatum,
2350 1119 2412 1159 ιο

295 1182 607 1265 primum,
661 1202 826 1265 quae
881 1183 1111 1246 contra
1166 1181 1569 1264 voluptatem
1623 1179 1797 1244 dicta
1850 1183 2028 1263 sunt,
2088 1180 2316 1245 eadem

297 1269 432 1334 fere
495 1269 732 1333 cadunt
799 1271 1026 1334 contra
1087 1268 1479 1333 vacuitatem
1544 1267 1833 1349 doloris]
1949 1266 2089 1333 Nec
2159 1290 2317 1333 vero

297 1358 431 1422 alia.
495 1360 648 1421 sunt
712 1356 1077 1441 quaerenda
1140 1360 1365 1421 eontra
1429 1354 1857 1421 Carneadiam
1927 1356 2111 1421 illam
2177 1378 2317 1421 sen-

295 1445 588 1511 tentiam.
696 1444 1111 1529 Quocumque
1176 1445 1349 1509 enim
1412 1444 1603 1509 modio
1674 1464 1997 1509 summum
2067 1443 2317 1509 bonum

195 1579 200 1583 -
297 1534 392 1599 sic
436 1533 804 1617 exponitur,
855 1537 932 1597 ut
983 1534 1050 1597 id
1106 1536 1298 1597 vacet
1349 1532 1718 1615 honestate,
1770 1553 1892 1597 nec
1936 1531 2153 1597 officia
2195 1553 2319 1597 nec
2351 1556 2407 1599 ιε

191 2603 260 2653 23

295 1623 576 1687 virtutes
615 1622 686 1686 in
731 1642 808 1687 ea.
851 1622 1106 1687 ratione
1149 1640 1270 1685 nec
1317 1620 1641 1685 amicitiae
1678 1623 1991 1685 constare·
2021 1624 2319 1703 possunt.

297 1708 682 1776 coniunctio
739 1714 958 1775 autem
1012 1732 1158 1774 cum
1216 1708 1558 1773 honestate
1622 1708 1728 1773 vel
1790 1707 2153 1791 voluptatis
2213 1710 2320 1773 vel

293 1820 426 1863 non
471 1798 730 1864 dolendi
771 1798 846 1862 ids
881 1799 1094 1882 ipsum
1147 1797 1526 1881 honestum,
1582 1796 1765 1881 quod·-
1809 1796 2114 1878 amplecti
2157 1797 2317 1876 vult,

295 1886 364 1951 id
409 1886 610 1950 efficit
653 1888 859 1969 turpe.
948 1885 1052 1950 Ad
1099 1906 1206 1949 eas
1253 1886 1428 1949 enim
1472 1904 1573 1949 res
1618 1884 1882 1967 referre,
1927 1905 2091 1968 quae
2138 1904 2316 1969 agae,

297 1996 570 2059 quarum
631 1995 786 2057 una,
850 1974 907 2037 si
971 1973 1113 2058 quis
1178 1972 1352 2037 malo
1418 1976 1660 2056 careat,
1726 1972 1798 2036 in
1856 1992 2123 2037 summo=
2170 1992 2315 2037 eum
2348 1998 2408 2037 20

295 2062 468 2126 bono
533 2060 707 2125 dicat
767 2082 932 2145 esse,
996 2062 1202 2125 altera
1264 2063 1555 2127 versetur
1618 2061 1689 2125 in
1739 2059 2079 2125 levissimw
2130 2064 2317 2143 parte

295 2152 586 2231 naturae,
625 2148 1033 2213 obscurantis
1072 2152 1173 2213 est
1209 2170 1466 2213 omnem
1495 2148 1900 2233 splendorem
1935 2148 2319 2231 honestatis,

295 2257 378 2301 ne
442 2236 655 2300 dicam
717 2236 1134 2321 inquinautis,
1241 2236 1523 2301 Restant
1584 2234 1815 2321 Stoici,
1892 2236 2009 2319 qui·
2066 2256 2213 2300 cum
2278 2258 2317 2301 a

297 2323 750 2407 Peripateticis
797 2327 865 2388 et
906 2323 1325 2389 Academicis·
1357 2325 1575 2389 omnia
1634 2323 2149 2408 transtulissent,
2199 2344 2317 2388 no-

296 2412 581 2477 minibus
641 2413 798 2477 aliis·
855 2412 1112 2477 easdem
1175 2433 1278 2477 res
1335 2413 1538 2477 secuti
1607 2416 1775 2477 sunt.
1883 2411 2025 2477 Hos
2090 2416 2319 2476 contra
2346 2436 2406 2477 25

299 2500 588 2585 singulos
652 2500 780 2567 dici
841 2505 941 2565 est
997 2499 1244 2565 meliusa
1350 2498 1474 2565 Sed
1535 2522 1733 2585 nunc,
1796 2499 1969 2583 quod
2033 2499 2316 2585 agimus3

298 2590 376 2655 de
431 2589 593 2673 illis,
656 2611 803 2655 cum
865 2589 1174 2654 volemus.
1283 2588 1641 2653 Democriti
1702 2590 1929 2653 autem
1986 2588 2319 2671 securitas,

300 2699 464 2761 quae
515 2681 622 2742 est
671 2678 872 2743 animi
925 2676 1395 2763 tranquillitas,
1448 2697 1655 2760 quam:
1698 2676 2059 2760 aappellavit
2114 2670 2319 2741 ⁸63⁹»—

297 2767 490 2848 μίαν,
527 2786 604 2829 eo
641 2765 1002 2850 separanda
1034 2766 1162 2831 fuit
1196 2766 1280 2830 ab
1316 2765 1439 2829 hac
1482 2763 1949 2847 disputatione,
1995 2764 2153 2848 quia
2188 2764 2319 2829 ista

299 2852 498 2915 animi
541 2854 986 2938 tranquillitas
1033 2875 1112 2918 ea
1157 2858 1258 2917 est
1302 2853 1451 2936 ipsa
1491 2852 1688 2917 beata
1732 2852 1895 2935 vita3
1950 2852 2316 2935 quaerimus
2344 2876 2403 2917 30

299 2942 543 3022 autem,
603 2961 738 3004 non
800 2961 962 3024 quae
1027 2942 1137 3018 sit,
1203 2941 1317 3006 sed
1378 2940 1547 3004 unde
1612 2940 1717 3005 sit.
1814 2937 1955 3004 Iam
2016 2939 2318 3024 explosae

299 3026 663 3110 eiectaeque
700 3028 1057 3092 sententiae
1092 3027 1478 3112 PyrrhoniS,
1514 3028 1872 3112 Aristonis,
1917 3026 2112 3092 Erilli
2146 3028 2319 3112 quod

297 3114 370 3179 in
411 3113 585 3179 hunc
631 3115 880 3198 orbem,
927 3136 1117 3199 quem
1163 3116 1808 3201 circumscripsimus,
1857 3115 2141 3181 incidere
2185 3137 2321 3181 non

297 3205 598 3285 possunt,
647 3201 1046 3267 adhibendae
1098 3204 1363 3269 omnino
1408 3224 1539 3269 non
1582 3203 1863 3269 fuerunt.
1949 3202 2013 3267 N
2016 3224 2139 3269 am·
2170 3225 2321 3269 eum

300 3290 508 3354 omnis
562 3290 724 3354 haee
781 3290 1072 3374 quaestio
1127 3292 1205 3355 de
1250 3291 1489 3356 finibus
1536 3295 1603 3356 et
1658 3293 1844 3377 quasi
1888 3292 1966 3356 de
2014 3293 2319 3357 extremis
2348 3316 2401 3358 ss

299 3376 621 3442 bonorum
679 3380 750 3441 et
799 3378 1117 3443 malorum
1173 3379 1256 3443 ab
1301 3400 1379 3443 eo
1426 3380 1903 3463 proficiscatur,
1956 3380 2127 3464 quod
2162 3380 2321 3445 dixi-

300 3484 444 3528 mus
488 3469 764 3531 naturae
810 3486 950 3530 esse
997 3469 1224 3549 aptum
1267 3469 1335 3531 et
1388 3468 1968 3552 accommodatum,
2021 3468 2320 3553 quodque
