2609 3884
325 160 451 225 158
647 160 744 215 DE
780 156 1072 214 FINIBUS
1107 144 1471 213 BONORUM
1504 156 1601 211 ET
1638 154 2005 213 MALORUM

320 323 496 389 vesci
549 322 781 388 Persas
841 341 983 385 esse
1031 319 1258 385 solitos
1306 318 1535 385 scribit
1578 316 1973 404 Xenophon,
2034 342 2232 405 quam
2276 321 2345 385 in

323 410 746 496 Syracusanis
810 408 1084 493 mensis,
1156 429 1322 494 quae
1394 430 1435 472 a
1496 406 1767 473 Platone
1833 409 2121 492 graviter
2182 410 2346 474 vitu·

320 504 661 586 perantur3
709 498 822 581 sit,
865 498 1161 582 inquam,
1206 500 1343 561 tam
1384 496 1626 579 facilis,
1672 517 1866 580 quam
1903 498 2130 582 vultis,
2176 518 2346 564 com-

320 588 578 673 paratio
642 586 1029 670 voluptatis,
1103 585 1256 671 quid
1330 584 1410 649 de
1474 584 1695 650 dolore
1762 584 2092 679 dicemus?
2167 586 2347 651 cuius

321 680 512 742 tanta
564 677 890 742 tormenta
947 676 1122 758 sunt,
1175 676 1252 738 ut
1305 672 1377 738 in
1429 672 1509 738 iis
1564 673 1759 739 beata
1810 674 1978 758 vita,
2026 674 2102 739 si
2153 674 2344 739 modo
2400 700 2427 741 5

323 766 506 831 dolor
571 786 893 829 summum
956 761 1201 827 malum
1265 765 1393 846 est,
1463 782 1604 827 esse
1665 782 1799 826 non
1860 762 2090 846 possit.
2196 761 2348 846 Ipse

323 855 495 920 enim
541 852 972 935 Metrodorus,
1026 872 1233 935 paene
1287 851 1453 915 alter
1495 848 1842 933 Epicurus,
1896 850 2160 917 beatum
2208 873 2349 917 esse

321 942 629 1007 describit
688 941 792 1007 his
852 940 988 1004 fere
1052 937 1298 1005 verbis:
1364 936 1531 1003 ‘cum
1592 959 1821 1022 corpus
1886 938 2050 1004 bene
2108 940 2345 1005 consti-

320 1034 536 1095 tutum
583 1030 670 1095 sit
715 1032 780 1094 et
825 1028 913 1093 sit
957 1027 1363 1111 exploratum
1412 1026 1509 1091 ita
1552 1024 1887 1092 futurum?
1977 1027 2085 1092 An
2128 1027 2197 1092 id
2244 1050 2346 1093 ex·

321 1119 648 1203 ploratum
725 1118 1023 1202 cuiquam
1085 1119 1306 1201 potest
1378 1136 1547 1194 esse,
1619 1136 1743 1199 quo
1816 1115 2008 1182 modo
2085 1137 2153 1181 se
2222 1117 2348 1182 hoc
2380 1144 2431 1183 m
2536 1134 2541 1137 ·

320 1206 698 1273 habiturum
763 1206 852 1270 sit
915 1226 1174 1289 corpuS,
1234 1214 1368 1269 non
1424 1204 1567 1269 dico
1635 1203 1715 1267 ad
1772 1224 2041 1289 annum,
2096 1204 2207 1269 sed
2268 1205 2348 1271 ad

331 1293 706 1378 vesperum?
813 1293 1024 1359 Dolor
1083 1292 1315 1377 igitur,
1379 1290 1446 1356 id
1522 1294 1622 1367 est
1694 1313 2014 1358 summum
2086 1295 2349 1378 malum,

323 1386 644 1447 metuetur
717 1403 971 1465 semper
991 1431 1010 1466 ,
1091 1380 1347 1447 etiamsi
1423 1401 1559 1446 non
1640 1380 1881 1466 aderit3
1962 1381 2093 1447 iam
2174 1383 2347 1448 enim

324 1472 548 1537 adesse
606 1471 866 1556 poterit.
967 1469 1095 1547 Qui
1148 1472 1369 1554 potest
1420 1468 1622 1553 igitur
1675 1468 1973 1535 habitare
2036 1470 2109 1535 in
2152 1471 2347 1535 beata

218 1582 284 1632 93
323 1560 458 1625 vita
513 1560 748 1625 summi
803 1559 960 1625 mali
1014 1557 1269 1624 metus?
1369 1556 1699 1641 Tradit-ur,
1752 1558 1992 1642 inquit,
2052 1559 2134 1623 ab
2189 1558 2431 1643 Epi-1⁵

325 1671 477 1715 curo
513 1649 690 1715 ratio
736 1646 1122 1733 neglegendi
1182 1646 1440 1712 doloris,
1537 1644 1679 1712 Iam
1732 1646 1799 1711 id
1852 1648 2069 1731 ipsum
2125 1648 2347 1712 absur-

324 1738 503 1822 dum,
567 1737 919 1804 maximum
980 1735 1229 1801 malum
1289 1734 1569 1820 neglegi
1679 1732 1805 1799 Sed
1868 1756 2031 1819 quae
2086 1735 2351 1801 tandem

322 1827 451 1891 ista
510 1827 680 1891 ratio
745 1824 888 1891 est?
985 1823 1311 1889 Maximus
1378 1822 1589 1905 dolor,
1653 1823 1893 1908 inquit,
1956 1824 2167 1889 brevis
2233 1828 2349 1889 est.

321 1904 611 1979 Primum
675 1914 828 1998 quid
891 1917 967 1978 tu
1020 1912 1182 1977 dicis
1237 1910 1475 1976 breve?
1531 1909 1758 1976 deinde
1813 1911 2101 1977 dolorem
2159 1934 2351 1997 quem

323 2001 720 2067 maximum?
823 2001 992 2078 Quid
1055 1999 1271 2065 enim?
1338 2020 1623 2091 summus
1688 2000 1875 2065 dolor
1934 2001 2153 2085 plures
2210 2000 2349 2066 dies
2376 2028 2435 2069 so

324 2111 583 2154 manere
646 2109 780 2155 non
839 2087 1102 2173 potest?
1209 2086 1407 2173 Vide,
1467 2078 1551 2153 ne
1614 2089 1813 2153 etiam
1868 2090 2147 2154 menses!
2219 2091 2353 2155 nisi

321 2176 492 2243 fort'e
539 2199 687 2242 eum
742 2177 927 2260 dicis,
981 2176 1119 2262 qui,
1175 2176 1370 2241 simul
1424 2179 1617 2260 atque
1671 2177 1972 2262 arripuit,
2023 2177 2351 2245 interficit.

325 2265 484 2349 Quis
536 2266 738 2331 istum
801 2264 1104 2330 dolorem
1152 2263 1386 2329 timet?
1492 2264 1688 2331 Illum
1755 2266 2015 2331 mallem
2078 2266 2349 2351 levares,

325 2376 452 2439 quo
499 2354 816 2439 optimum
865 2356 1057 2438 atque
1109 2353 1652 2419 humanissimum
1704 2354 1944 2439 virum,
1997 2351 2113 2419 On.
2161 2353 2351 2420 Octa-

324 2444 528 2527 vium,
590 2441 796 2508 Marci
849 2441 1084 2526 filium,
1147 2441 1535 2507 familiarem
1599 2464 1842 2527 meum,
1905 2443 2132 2508 confici
2194 2444 2433 2528 vidi,25

321 2553 440 2597 nec
495 2552 648 2596 vero
706 2531 905 2597 semel
958 2552 1078 2596 nec
1134 2530 1217 2595 ad
1268 2530 1462 2596 breve
1515 2534 1799 2615 tempus,
1862 2531 1977 2596 sed
2037 2535 2103 2596 et
2158 2553 2349 2615 saepe

324 2625 390 2685 et
444 2620 641 2705 plane
701 2620 828 2685 diu.
929 2618 1105 2696 Quos
1151 2618 1290 2705 ille,
1346 2618 1410 2683 di
1456 2620 1880 2685 immortales!
1929 2641 2076 2685 cum
2122 2640 2349 2685 omnes

325 2712 500 2774 artus
570 2708 794 2774 ardere
856 2707 1256 2791 viderentur,
1321 2709 1643 2774 cruciatus
1705 2707 2099 2793 perferebat!
2208 2708 2350 2775 Nec

321 2802 544 2862 tamen
587 2798 786 2861 miser
833 2818 1002 2881 esse,
1048 2797 1202 2881 quia
1247 2818 1567 2861 summu-m
1612 2796 1687 2863 id
1724 2797 1967 2861 malum
2012 2817 2146 2862 non
2193 2802 2349 2881 erat,

321 2888 579 2950 tantum
641 2884 834 2950 modo
897 2885 1263 2950 laboriosus
1329 2884 1695 2970 videbatur3
1764 2889 1832 2950 at
1884 2886 2107 2970 miser,
2166 2886 2225 2950 si
2278 2887 2348 2951 in
2376 2913 2432 2953 so

216 3040 301 3105 29
322 2973 649 3057 flagitiosa
695 2975 887 3056 atque
932 2972 1170 3037 vitiosa
1209 2973 1350 3038 vita
1396 2972 1689 3039 afflueret
1732 2974 2191 3058 voluptatibus.

212 3119 287 3167 94
323 3059 982 3233 quurciiucigvealnltzsse
1009 3080 1359 3235 Ἧῗὲιῖιιέἶη
1337 3061 2047 3237 idloiizliiltinlieifggednq
2005 3112 2025 3147 ⁹
2048 3064 2349 3218 uixiilggsiilt,

319 3237 528 3303 Video
594 3236 768 3309 enim
831 3239 900 3301 et
960 3258 1235 3324 magnos
1289 3241 1355 3302 et
1408 3238 1667 3304 eosdem
1730 3239 1892 3305 bene
1958 3240 2347 3326 longinquos

322 3325 603 3409 dolores,
649 3346 920 3410 quorum
961 3326 1093 3391 alia
1135 3326 1439 3392 toleratio
1483 3332 1585 3393 est
1627 3328 1866 3408 verior,
1914 3348 2043 3414 qua
2086 3330 2184 3394 uti
2228 3352 2347 3395 vos
2373 3354 2429 3396 ³5

320 3436 452 3479 non
487 3414 782 3498 potestiS,
821 3413 933 3497 qui
969 3413 1436 3479 honestatem
1416 3437 1629 3500 lpsam
1663 3438 1779 3500 per
1818 3437 1886 3481 se
1922 3437 2056 3482 non
2092 3418 2346 3483 amatis.

319 3501 746 3567 Fortitudinis
803 3501 1115 3587 quaedam
1169 3506 1518 3589 praecepta
1574 3508 1726 3569 sunt
1771 3524 1845 3569 ac
1899 3526 2104 3589 paene
2150 3506 2349 3591 leges,
