2609 3884
296 187 430 252 220
619 187 718 241 DE
754 185 1046 241 FINIBUS
1081 184 1443 241 BONORUM
1478 186 1573 241 ET
1608 183 1980 241 MALORUM

296 350 536 434 dicent,
582 352 650 414 et
683 371 801 415 vos
839 349 921 415 ad
954 352 1268 414 naturam
1290 348 1721 413 revertemini.
1799 347 2049 424 Quibus
2082 351 2324 413 natura

296 439 438 503 iure
482 437 892 522 responderit
933 459 1067 502 non
1114 459 1255 502 esse
1299 458 1524 501 verum
1570 435 1828 501 aliunde
1888 436 2085 501 finem
2129 437 2322 502 beate

295 526 582 610 vivendi,
636 548 676 591 a
721 546 788 591 se
841 525 1162 609 principia
1213 524 1312 590 rei
1367 524 1686 609 gerendae
1735 524 1899 608 peti3
1953 545 2093 591 esse
2148 525 2323 590 enim

296 636 494 680 unam
557 614 903 698 rationem,
966 635 1096 698 qua
1159 616 1226 678 et
1276 612 1600 696 principia
1651 634 1869 677 rerum
1927 613 2324 697 agendarum

298 706 365 768 et
407 702 640 768 ultima
683 702 1007 768 bonorum
1053 701 1564 784 continerentur,
1620 704 1813 784 atque
1866 704 1943 765 ut
1986 700 2321 767 Aristonis
2350 725 2383 767 ⁵

299 794 471 857 esset
507 790 776 875 explosa
821 790 1146 855 sententia
1192 789 1463 855 dicentis
1500 788 1668 854 nihil
1714 788 1968 853 differre
2014 788 2191 854 aliud
2236 790 2323 855 ab

299 879 457 963 alio,
502 900 621 944 nec
658 900 800 943 esse
835 899 937 944 res
975 878 1140 944 ullas
1185 880 1449 962 praeter
1482 876 1756 942 virtutes
1804 879 1872 942 et
1915 876 2107 960 vitia,
2150 876 2326 943 inter

299 988 456 1051 quas
503 967 846 1052 quicquam
885 967 1146 1032 omnino
1181 966 1555 1049 interesset,
1592 965 1687 1031 sic
1724 986 1940 1031 errare
1977 964 2325 1067 Zenonem,

297 1056 407 1140 qui
452 1055 638 1120 nulla
681 1055 752 1119 in
795 1076 866 1119 re
909 1054 1038 1119 nisi
1084 1054 1154 1119 in
1189 1054 1433 1119 virtute
1469 1056 1584 1119 aut
1616 1052 1778 1118 vitio
1823 1054 2323 1137 propensionem

296 1165 378 1207 ne
424 1142 678 1207 minimi
724 1142 981 1228 quidem
1026 1142 1342 1207 momenti
1398 1142 1481 1208 ad
1526 1164 1852 1207 summum
1898 1142 2143 1207 bonum
2189 1142 2323 1207 adi·
2352 1167 2413 1207 10

296 1230 676 1315 piscendum
741 1252 882 1295 esse
945 1230 1186 1295 diceret
1257 1234 1349 1314 et,
1420 1252 1567 1295 cum
1637 1229 1719 1294 ad
1781 1230 2042 1295 beatam
2113 1229 2322 1295 vitam

296 1318 552 1384 nullum
597 1321 994 1385 momentum
1051 1322 1263 1384 cetera
1314 1318 1653 1400 haberent,
1708 1317 1790 1383 ad
1848 1318 2324 1401 appetitionem

297 1410 520 1471 tamen
562 1427 778 1471 rerum
829 1428 970 1472 esse
1013 1406 1082 1472 in
1125 1407 1207 1471 iis
1245 1409 1575 1472 momenta
1619 1406 1889 1491 diceret3
1938 1406 2124 1492 quasi
2167 1427 2321 1472 vero

298 1495 460 1560 haec
515 1496 833 1579 appetitio
888 1516 1022 1560 non
1075 1495 1158 1560 ad
1213 1495 1451 1561 summi
1501 1495 1658 1559 boni
1721 1494 2133 1578 adeptionem
2180 1516 2322 1579 per-

198 1600 264 1651 48
300 1583 566 1649 tineret!
659 1582 827 1659 Quid
873 1587 1089 1649 autem
1139 1584 1357 1649 minus
1412 1585 1917 1648 consentaneum
1971 1586 2073 1647 est
2127 1604 2323 1668 quam
2351 1608 2403 1650 ιε

298 1672 469 1756 quod
516 1671 726 1756 aiunt,
776 1672 1037 1757 cognito
1085 1693 1337 1737 summo
1382 1672 1555 1736 bono
1601 1670 1840 1735 reverti
1888 1691 1957 1736 se
2007 1670 2089 1735 ad
2132 1674 2323 1736 natu-

297 1782 467 1843 ram,
502 1763 577 1825 ut
612 1781 691 1825 ex
729 1780 806 1825 ea
839 1762 1070 1843 petant
1105 1759 1341 1845 agendi
1376 1758 1787 1844 principium,
1834 1758 1900 1822 id
1937 1762 2039 1823 est
2076 1757 2323 1824 officii?

295 1848 450 1913 Non
516 1848 687 1915 enim
751 1848 1026 1913 actionis
1092 1851 1205 1912 aut
1267 1847 1467 1912 officii
1519 1847 1689 1912 ratio
1747 1846 2026 1931 impellit
2080 1846 2162 1911 ad
2224 1868 2322 1933 ea,

299 1957 463 2022 quae
522 1933 875 2001 secundum
916 1939 1221 2001 naturam
1268 1937 1444 2018 sunt,
1500 1934 1890 2019 appetenda,
1947 1934 2061 1999 sed
2106 1935 2188 2000 ab
2235 1933 2320 1999 iis

300 2028 367 2088 et
413 2023 729 2105 appetitio
775 2025 842 2087 et
886 2024 1057 2089 actio
1104 2027 1561 2089 commovetur.
2348 2049 2404 2089 so

199 2123 279 2186 18
431 2110 621 2175 Nunc
679 2110 868 2176 venio
923 2112 1005 2175 ad
1059 2111 1176 2176 illa
1227 2114 1345 2175 tua
1398 2110 1647 2195 brevia,
1704 2132 1867 2196 quae
1921 2110 2324 2176 consectaria

301 2219 442 2264 esse
490 2197 777 2281 dicebas,
823 2200 890 2262 et
931 2198 1213 2281 primum
1266 2198 1457 2282 illud,
1510 2219 1637 2282 quo
1691 2198 1857 2263 nihil
1916 2201 2135 2283 potest
2179 2199 2323 2263 bre-

299 2286 468 2351 vius:
523 2284 776 2351 Bonum
831 2306 1020 2351 omne
1074 2286 1428 2371 laudabile,
1480 2286 1808 2351 laudabile
1863 2289 2079 2353 autem
2126 2308 2322 2352 omne

299 2374 677 2452 honestum,
730 2374 974 2439 bonum
1025 2374 1230 2459 igitur
1284 2395 1475 2439 omne
1527 2375 1892 2440 honestum.
1992 2373 2045 2438 Ο
2106 2374 2321 2459 plum-

299 2463 492 2528 beum
547 2462 919 2546 pugionem!
1011 2460 1168 2537 Quis
1225 2464 1400 2528 enim
1454 2462 1578 2528 tibi
1629 2462 1911 2546 primum
1963 2462 2126 2527 illud
2172 2484 2321 2528 con-
2348 2489 2404 2532 su

301 2549 612 2617 cesserit?
648 2550 802 2636 (quo
839 2550 1099 2634 quidem
1135 2572 1439 2617 concesso
1471 2549 1641 2615 nihil
1678 2572 1838 2635 opus
1876 2553 1977 2615 est
2012 2551 2322 2636 secund03

303 2639 360 2704 si
413 2638 587 2704 enim
634 2659 826 2703 omne
880 2639 1126 2704 bonum
1179 2638 1507 2705 laudabile
1554 2641 1679 2721 est,
1734 2659 1923 2702 omne
1974 2637 2323 2704 honestum

199 2744 263 2794 ιθ
302 2722 430 2812 est)
494 2726 638 2812 quis
689 2727 896 2812 igitur
949 2727 1075 2792 tibi
1125 2727 1302 2792 istud
1359 2726 1544 2793 dabit
1593 2730 1851 2809 praeter
1903 2725 2323 2813 Pyrrhonem,

299 2813 679 2878 Aristonem
753 2835 1052 2879 eorumve
1126 2814 1415 2880 similes?
1488 2835 1649 2900 quos
1720 2817 1794 2879 tu
1855 2836 1992 2880 non
2061 2815 2321 2898 probas.

300 2902 718 2984 Aristoteles,
771 2900 1194 2987 Xenocrates,
1247 2906 1392 2968 tota
1444 2902 1561 2966 illa
1613 2901 1866 2967 familia
1918 2923 2054 2967 non
2116 2903 2319 2988 dabit,
2347 2928 2403 2969 so

300 2989 537 3073 quippe
572 2989 685 3072 qui
721 2989 1183 3074 valetudinem,
1219 2991 1416 3069 vires,
1451 2989 1747 3073 divitias,
1785 2990 2081 3075 gloriam,
2117 2991 2323 3056 multa

301 3077 430 3142 alia
483 3076 658 3141 bona
705 3096 846 3141 esse
900 3076 1144 3159 dicant,
1203 3078 1562 3142 laudabilia
1604 3098 1738 3142 non
1785 3078 2023 3143 dicant.
2112 3076 2204 3142 Et
2249 3078 2321 3143 hi

301 3162 559 3248 quidem
606 3164 702 3228 ita
743 3185 876 3228 non
923 3164 1065 3229 sola
1106 3166 1347 3231 virtute
1400 3165 1595 3230 finem
1639 3166 1959 3231 bonorum
2005 3166 2323 3232 contineri

297 3254 557 3335 putant,
603 3254 678 3316 ut
711 3252 902 3317 rebus
948 3254 1166 3317 tamen
1205 3254 1506 3320 omnibus
1542 3253 1850 3318 virtutem
1888 3257 2320 3340 anteponant3

301 3338 455 3423 quid
510 3358 732 3405 censes
790 3360 900 3405 eos
958 3361 1098 3405 esse
1151 3340 1472 3425 facturos,
1526 3341 1636 3426 qui
1690 3341 1954 3407 omnino
2008 3342 2319 3409 virtutem
2350 3367 2404 3409 35

302 3449 342 3492 a
394 3427 712 3492 bonorum
779 3427 907 3492 fine
964 3433 1492 3514 segregaverunt,
1556 3428 1939 3513 Epicurum,
2001 3429 2325 3515 Hierony-

299 3536 502 3599 mum,
572 3515 726 3580 illos
791 3515 1016 3599 etiam,
1089 3516 1145 3581 si
1211 3516 1323 3601 qui
1387 3514 1830 3582 Carneadeum
1892 3517 2084 3582 finem
2147 3518 2323 3584 tueri
