2609 3884
298 158 433 214 LIB.
462 160 557 216 IV.
606 159 761 216 OAP.
789 166 874 216 28.
920 166 952 227 ὃ
981 166 1204 216 78-80.
1255 159 1392 217 LIB.
1421 162 1488 217 V.
1534 162 2072 221 ARGUMENTUM.
2146 165 2277 231 233

266 320 326 372 et
358 318 682 373 recentioris
719 318 1180 373 Academicorum
1217 318 1546 390 disciplinae
1560 364 1574 389 ,
1620 338 1749 377 cum
1792 322 1922 377 Piso
1958 324 2021 378 L.
2059 324 2277 381 Cicero-

265 405 393 443 nem
430 390 503 442 ad
539 392 813 459 veterem,
850 388 910 443 in
947 406 1056 459 qua
1093 390 1263 445 etiam
1290 391 1661 461 Peripatetici
1695 396 1906 461 essent,
1944 410 2277 464 persequen-

266 459 395 512 dam
431 460 764 515 hortaretur.
826 460 970 513 Tum
1005 463 1266 531 rogatum
1303 478 1339 514 a
1376 477 1434 515 se
1472 462 1757 527 Pisonem,
1794 466 1859 517 ut
1894 465 2098 519 veteris
2135 469 2277 520 Aca-

267 529 486 583 demiae
550 532 609 584 et
668 529 1169 599 Peripateticorum
1231 531 1567 585 sententiam
1630 533 1699 587 de
1748 533 1950 589 finibus
2002 535 2280 590 bonorum

266 599 596 668 explicaret,
649 600 814 656 huius
868 601 1023 655 modi
1067 602 1379 656 orationem
1424 618 1545 656 esse
1591 620 1846 659 exorsum
1891 606 2032 674 (cap.
2076 610 2279 677 1—3):

263 670 765 739 Peripateticorum
819 670 1114 739 disciplina
1175 672 1236 725 in
1288 674 1401 726 tres
1459 674 1678 754 partes,
1740 677 1805 728 ut
1864 675 1983 729 fere
2042 679 2277 746 ceterae,

265 740 550 808 dividitur,
582 741 898 810 physicam,
938 741 1317 811 dialecticam,
1356 743 1614 798 eth1cam.
1669 744 1823 799 Haec
1848 746 2018 799 tertia
2049 764 2179 815 pars
2206 747 2281 801 ab

262 810 376 865 illis
401 828 516 866 non
542 812 724 866 solum
750 812 824 865 ad
849 811 1104 881 privatae
1132 812 1282 866 vitae
1312 813 1615 880 rationem,
1652 815 1754 868 sed
1781 816 1955 869 etiam
1983 816 2057 870 ad
2092 833 2280 871 rerum

262 880 615 950 publicarum
642 882 947 936 rectionem
975 883 1156 936 relata
1183 884 1270 936 est
1297 885 1355 937 et
1390 884 1461 937 ab
1490 884 1793 940 Aristotele
1814 888 1872 940 et
1889 886 2279 955 Theophrasto

264 952 487 1021 copiose
526 952 807 1021 explicata
843 954 984 1021 (cap.
1015 956 1086 1020 4).
1141 953 1216 1006 Hi
1249 953 1319 1007 de
1355 953 1465 1008 fine
1500 954 1773 1009 bonorum
1807 956 1869 1009 in
1901 956 2025 1025 ipsa
2060 974 2279 1011 summa

263 1024 322 1076 et
377 1037 568 1077 secum
624 1024 683 1076 et
733 1022 882 1076 inter
935 1038 995 1081 se
1051 1023 1431 1091 consentiunt,
1494 1024 1595 1079 sed
1650 1042 1776 1080 cum
1830 1027 1899 1081 de
1942 1027 2111 1081 beata
2158 1027 2279 1082 vita

264 1095 590 1161 quaeratur,
652 1093 713 1146 in
777 1109 844 1148 eo
896 1093 1106 1147 variari
1164 1093 1314 1147 inter
1367 1110 1462 1149 eos
1516 1111 1631 1150 non
1682 1114 1985 1165 numquam
2038 1098 2277 1166 videtur,

261 1162 502 1287 {²323ss
552 1165 810 1287 aaa
834 1164 1811 1304 Ttffffihmffiqtt'rtffneffiu'sseffi
1852 1167 2113 1293 {1¹2¹}st
2157 1184 2279 1307 3:32:

261 1304 592 1359 Aristoteles
621 1306 680 1358 et
706 1304 824 1359 eius
860 1304 965 1357 filii
994 1304 1328 1359 Nicomachi
1360 1305 1493 1359 libri
1521 1307 1589 1360 de
1618 1307 1887 1376 moribus,
1925 1308 2282 1363 adhibendus

259 1377 454 1429 tamen
489 1375 934 1444 Theophrastus;
975 1393 1108 1429 nam
1143 1376 1320 1429 ceteri
1353 1376 1699 1445 aliquantum
1736 1377 2093 1433 deflexerunt.
2168 1379 2277 1434 Ve-

259 1446 444 1499 terum
489 1446 677 1500 autem
725 1444 1059 1501 sententiam
1103 1444 1413 1501 Antiochus
1462 1447 1888 1516 diligentissime
1923 1449 2285 1517 persequitur

261 1518 403 1586 (cap.
463 1518 532 1584 ὅ).
623 1515 706 1569 De
771 1532 986 1569 summo
1048 1516 1223 1583 bono,
1290 1533 1400 1585 quo
1451 1518 1756 1573 constituto
1805 1518 1866 1571 in
1917 1520 2279 1588 philosophia

263 1586 452 1641 omnia
480 1586 787 1641 constituta
814 1588 959 1654 sunt,
997 1586 1262 1654 quoniam
1286 1603 1492 1656 magna
1519 1587 1788 1643 dissensio
1818 1590 1919 1655 est,
1956 1589 2279 1644 adhibenda

262 1660 349 1712 est
384 1656 585 1711 divisio
625 1656 953 1724 Carneadis,
984 1656 1121 1729 iqui,
1169 1659 1309 1724 quot
1342 1658 1581 1712 fuissent
1616 1660 1676 1712 et
1723 1660 1859 1727 quot
1894 1676 2015 1713 esse
2053 1660 2276 1715 omnino

259 1731 489 1799 possent
521 1728 592 1781 de
630 1744 845 1781 summo
881 1727 1031 1781 bono
1069 1728 1406 1795 sententiae,
1443 1728 1603 1782 vidit.
1690 1728 1755 1781 Id
1793 1728 1959 1797 enim,
1997 1730 2148 1797 quod
2184 1748 2277 1785 ars

261 1798 488 1854 vivendi
533 1796 765 1865 adsequi
808 1797 956 1865 vult,
1007 1800 1203 1866 aptum
1251 1800 1310 1851 et
1354 1799 1838 1853 accommodatum
1885 1801 2119 1854 naturae
2156 1816 2280 1854 esse

264 1870 433 1924 debet
484 1870 544 1922 et
599 1868 737 1935 tale,
801 1870 867 1922 ut
917 1868 1104 1937 ipsum
1156 1884 1259 1937 per
1312 1884 1373 1921 se
1428 1868 1742 1938 appetitum
1796 1868 1971 1925 animi
2024 1870 2275 1927 adliciat.

265 1939 573 2007 Quaeritur·
593 1938 792 2007 igitur,
840 1939 974 2006 quid
1007 1938 1069 1992 id
1117 1937 1191 1991 sit
1225 1941 1370 2009 (cap.
1410 1942 1480 2006 6).
1553 1939 1800 1994 Naturae
1838 1940 2122 2009 appetitus
2159 1958 2275 1995 am-

262 2010 524 2081 plectitur
559 2011 658 2063 aut
701 2009 1056 2078 voluptatem
1091 2011 1190 2063 aut
1225 2008 1567 2063 vacuitatem
1603 2009 1814 2064 doloris
1852 2012 1951 2064 aut
1986 2026 2079 2079 ea,-
2131 2028 2283 2079 quae

261 2082 445 2207 {iffi}
473 2079 1841 2220 issssffssffmfflffiafflfffflffl‘pffissstgffffi
1868 2099 2052 2206 3¹32ssss
2086 2081 2282 2206 ἓξὲξ

259 2222 422 2276 unius
460 2238 529 2275 ex
561 2220 651 2275 his
687 2219 866 2274 tribus
903 2219 1250 2289 adipiscendi
1286 2237 1479 2288 causa,
1516 2223 1580 2275 ut
1616 2236 1714 2275 sex
1740 2220 1854 2275 sint
1888 2221 2171 2291 simplices
2208 2223 2279 2276 de

264 2309 478 2347 summo
505 2292 655 2345 bono
685 2289 997 2345 sententiae
1026 2292 1167 2361 (cap.
1201 2294 1269 2361 7).
1331 2291 1560 2346 Iunctae
1589 2294 1648 2346 et
1675 2292 1925 2361 duplices
1964 2292 2279 2347 sententiae

261 2366 375 2417 tres
421 2363 672 2428 fuerunt,
720 2379 846 2415 cum
891 2360 967 2414 ad
1011 2361 1275 2415 virtutem
1326 2364 1427 2415 aut
1460 2362 1592 2416 volu
1631 2364 1721 2415 tas
1758 2364 1859 2416 aut
1892 2364 2143 2417 vacuitas
2180 2363 2277 2417 do·

261 2433 397 2488 loris
434 2434 537 2486 aut
570 2431 754 2501 prima
787 2433 1021 2486 naturae
1058 2431 1509 2501 adiungerentur.
1627 2435 1761 2501 tque
1797 2433 1941 2488 haec
1976 2435 2282 2501 postrema,

264 2520 406 2572 quae
461 2502 924 2557 Academicorum
988 2502 1046 2556 et
1107 2500 1605 2570 Peripateticorum
1675 2504 1784 2569 est,
1849 2502 2048 2556 ceteris
2108 2502 2280 2556 facile

263 2573 519 2641 semotis,
567 2588 708 2641 quae
752 2574 946 2626 tamen
993 2571 1305 2641 disputatio
1352 2572 1460 2626 hoc
1495 2571 1622 2626 loco
1660 2571 1858 2641 exponi
1895 2571 2115 2639 nequit,
2156 2573 2281 2626 sola

262 2645 540 2710 remanet,
589 2659 764 2711 eaque
821 2658 931 2711 quo
978 2642 1147 2696 modo
1204 2642 1417 2696 oriatur
1466 2644 1525 2696 et
1579 2643 1959 2710 confirmetur,
2016 2642 2282 2711 deinceps

264 2713 654 2785 explicandum
709 2714 796 2767 est
843 2716 987 2781 (cap.
1025 2713 1097 2781 8).
1187 2712 1362 2767 Omne
1408 2712 1619 2767 animal
1666 2729 1725 2766 se
1768 2711 1954 2782 ipsum
1998 2711 2187 2781 diligit
2222 2714 2285 2766 et

262 2785 483 2854 appetit
517 2785 751 2838 naturae
790 2782 1228 2838 accommodata.
1303 2784 1391 2837 Ita
1427 2783 1552 2836 finis
1590 2782 1809 2837 exsistit
1844 2782 2147 2836 secundum
2182 2798 2281 2836 na-

257 2858 447 2909 turam
480 2854 671 2908 vivere
708 2854 788 2909 sic
825 2853 1136 2921 adfectum,
1180 2855 1246 2907 ut
1282 2852 1493 2923 optime
1530 2853 1697 2907 adfici
1736 2852 1929 2922 possit.
2004 2853 2116 2907 Sed
2153 2870 2281 2907 cum

262 2926 378 2980 alia
423 2925 500 2979 sit
549 2924 791 2979 aliorum
841 2922 1169 2979 animalium
1210 2927 1439 2991 natura,
1486 2922 1704 2977 homini
1748 2940 2024 2977 summum
2071 2924 2281 2978 bonum

263 2998 348 3051 est
389 2995 580 3051 vivere
627 3012 696 3049 ex
738 2992 982 3049 hominis
1035 2997 1237 3047 natura
1279 2993 1526 3061 undique
1621 2994 1832 3048 erfecta
1886 2996 1945 3048 et
1994 2992 2141 3047 nihil
2192 3010 2279 3048 re-

263 3065 517 3135 quirente
572 3066 720 3134 (cap.
767 3068 841 3135 9).
928 3063 1131 3119 Omnes
1177 3066 1367 3117 autem
1415 3082 1474 3119 se
1520 3063 1579 3117 di
1601 3064 1783 3134 igere,
1839 3064 2013 3118 etiam
2069 3064 2167 3132 qui
2219 3080 2281 3119 se

264 3136 448 3191 odisse
503 3136 794 3205 putentur,
843 3134 1011 3189 facile
1066 3134 1439 3203 intellegitur;
1489 3151 1621 3188 nam
1668 3133 1794 3204 ipsa
1845 3133 1953 3188 sibi
2002 3133 2281 3189 irascendi

262 3223 432 3262 causa
467 3224 535 3261 ex
571 3207 657 3260 sui
693 3205 928 3261 caritate
963 3204 1214 3258 nascitur
1249 3206 1393 3273 (cap.
1436 3207 1538 3273 10).
1623 3205 1743 3259 Nec
1778 3222 1847 3260 ea
1881 3204 1967 3259 vis
2006 3204 2281 3273 diligendi

261 3278 334 3333 ad
379 3277 554 3331 aliam
599 3276 918 3346 quampiam
963 3291 1083 3328 rem
1127 3274 1393 3341 refertur,
1440 3275 1540 3329 sed
1585 3275 1661 3329 ad
1704 3291 1764 3329 se
1808 3275 2019 3345 ipsum3
2070 3276 2280 3343 quanta

261 3350 452 3403 autem
488 3347 588 3415 sit,
625 3363 693 3401 ex
729 3346 926 3401 mortis
961 3346 1162 3399 timore
1199 3346 1437 3415 apparet
1474 3348 1617 3415 (cap.
1656 3349 1761 3415 11).
1834 3344 2156 3399 Videndum
2194 3345 2282 3397 est

259 3417 458 3488 igitur,
497 3434 640 3485 quae
678 3417 752 3471 sit
786 3414 1030 3471 hominis
1065 3417 1283 3470 natura.
1348 3415 1433 3468 Ea
1471 3417 1528 3470 et
1562 3416 1623 3469 in
1659 3430 1891 3485 corpore
1926 3414 2140 3483 proprii
2175 3414 2279 3467 ali-

261 3488 395 3557 quid
449 3487 624 3541 habet
675 3488 816 3557 (cap.
869 3489 955 3555 12)
1013 3486 1072 3539 et
1123 3486 1184 3538 in
1236 3484 1422 3539 animo
1468 3486 1706 3541 virtutes
1754 3484 1997 3554 quaerit,
2044 3500 2279 3552 quarum
