2609 3884
620 197 625 202 -
686 163 820 217 ΠΒ.
858 163 929 217 11.
959 136 1140 218 'CAR
1180 167 1275 233 2⁷,
1315 169 1400 219 ss.
1465 168 1496 228 θ
1533 170 1812 233 ‹ss—92„
2025 196 2035 204 -
2137 166 2262 230 157

113 391 125 403 ,
228 327 485 390 stanter
540 323 851 409 loquare?
958 323 1039 390 In
1100 325 1435 410 voluptate
1501 327 1786 411 corporis
1852 325 2141 414 (addam,
2205 326 2265 394 si

224 413 359 497 vis,
405 411 691 498 ‘animi',
746 412 899 478 dum
954 435 1031 478 ea
1074 413 1245 498 ipsa,
1300 417 1376 479 ut
1419 415 1648 498 vultiS,
1707 415 1797 480 sit
1839 437 1919 480 ex
1963 415 2262 504 corpore)

229 502 433 567 situm
480 504 585 566 est
627 502 845 567 vivere
889 502 1095 568 beate.
1171 501 1386 578 Quid?
1430 503 1626 600 istam
1672 503 2074 587 voluptatem
2119 527 2263 588 per-

226 593 499 673 petuam
548 590 693 675 quis
737 593 960 674 potest
1003 594 1334 674 praestare
1380 590 1703 676 sapienti?
1801 591 1974 658 Nam
2025 593 2262 678 quibus

170 704 203 746 ε
226 679 427 743 rebus
466 677 836 743 efficiuntur
871 679 1267 762 voluptateS‚
1315 701 1428 744 eae
1464 702 1600 745 non
1637 683 1789 745 sunt
1824 681 1894 745 in
1933 683 2262 764 potestate
2356 700 2363 707 ·

232 765 573 850 sapientis.
669 765 822 832 Non
878 768 1053 832 enim
1104 767 1174 832 in
1226 768 1372 851 ipsa
1426 769 1748 852 sapientia
1810 769 2099 852 positum
2164 774 2264 836 est

230 855 500 920 beatum
555 875 722 938 esse,
776 855 890 921 sed
942 856 1013 921 in
1065 855 1147 920 iis
1202 856 1425 941 rebus,
1491 879 1650 940 quas
1706 857 2029 942 sapientia
2093 879 2264 924 com·
2310 868 2315 872 ’

229 947 427 1026 parat
473 942 556 1007 ad
600 943 1019 1027 voluptatem.
1098 944 1344 1009 Totum
1389 948 1608 1010 autem
1653 944 1721 1010 id
1767 949 2100 1011 externum
2150 950 2265 1031 est,

232 1035 299 1096 et
336 1031 509 1116 quod
546 1034 911 1112 externum,
956 1031 1025 1097 id
1060 1031 1131 1097 in
1168 1053 1323 1105 casu
1361 1037 1474 1098 est.
1554 1032 1662 1098 Ita
1704 1033 1781 1097 fit
1825 1035 2056 1100 beatae
2091 1035 2264 1100 vitae

156 1147 207 1186 ιο
232 1119 499 1187 domina
550 1120 842 1200 fortuna,
911 1141 1104 1208 quam
1157 1119 1479 1204 Epicurus
1544 1122 1640 1187 ait
1704 1123 2004 1206 exiguam
2066 1123 2264 1188 inter-

230 1209 457 1274 venire
509 1209 808 1292 sapienti.
1196 1223 1201 1226 '
2197 1229 2216 1243 ··

366 1296 539 1382 Age,
590 1296 868 1382 inquieS,
930 1298 1062 1376 ista
1113 1319 1318 1381 parva
1373 1300 1543 1364 sunt.
1655 1296 2024 1382 Sapientem
2089 1300 2260 1366 locu·
2284 1267 2370 1396 ἓξ
2457 1343 2488 1356 «

230 1385 445 1470 pletat
494 1385 640 1468 ipsa
691 1389 953 1470 natura,
1008 1386 1187 1450 cuius
1244 1385 1506 1451 divitias
1562 1385 1882 1470 Epicurus
1937 1389 2263 1472 parabiles

235 1495 379 1540 esse
437 1473 672 1540 docuit.
769 1473 951 1540 Haec
1004 1474 1169 1540 bene
1225 1473 1552 1557 dicuntur,
1605 1497 1726 1540 nec
1789 1497 1910 1562 ego
1954 1496 2266 1563 repugno,

156 1588 209 1630 ιε
234 1563 349 1628 sed
394 1561 568 1626 inter
614 1583 753 1627 sese
798 1563 945 1646 ipsa
988 1565 1301 1648 pugnant.
1391 1562 1612 1648 Negat
1663 1564 1837 1628 enim
1881 1565 2265 1629 tenuissimo

234 1651 440 1733 victu,
510 1649 578 1714 id
650 1654 751 1716 est
822 1651 1397 1734 contemptissimis
1485 1651 1649 1716 escis
1723 1655 1790 1716 et
1868 1652 2267 1737 potionibus,

234 1739 550 1804 minorem
594 1739 1000 1822 voluptatem
1044 1739 1293 1823 percipi
1340 1761 1534 1825 quam
1587 1740 1782 1804 rebus
1840 1740 2266 1824 exquisitissi-

235 1828 361 1892 mis
423 1826 506 1891 ad
554 1826 962 1911 epulandum.
1050 1827 1221 1894 Huic
1274 1847 1424 1912 ego,
1479 1827 1538 1892 si
1592 1831 1865 1914 negaret
1923 1829 2268 1913 quicquam

235 1917 552 1981 interesse
617 1915 698 1980 ad
766 1917 953 1981 beate
1014 1916 1388 2000 vivendum,
1463 1916 1640 2001 quali
1710 1919 1999 1992 uteretur
2071 1917 2268 2001 victu,

160 2031 211 2070 20
238 2003 677 2087 concederem,
748 2005 1080 2070 laudarem
1153 2005 1378 2088 etiam3
1465 2027 1688 2070 verum
1761 2005 1933 2070 enim
2005 2004 2249 2071 diceret

236 2092 431 2195 idque
478 2090 838 2243 {octatem‚
893 2093 1017 2196 (1¹²5.
1058 2093 1462 2194 voluptatem
1516 2093 1698 2158 nullo
1758 2093 1903 2159 loco
1949 2055 2266 2179 numerat:

34 2236 51 2364 ξ
236 2181 436 2334 ἓξὲξ
481 2181 2267 2354 Βίῖἒίῗᾞᾈαωξῖήῧέἓὼὲῗέξῗῖὲθέῗωῖιῖῒῑῗέωὲἓε

30 2367 49 2508 ³
236 2357 404 2422 vivit
432 2360 533 2422 .ut
587 2355 958 2441 Gallonius,
1013 2357 1303 2443 loquitur
1357 2362 1434 2422 ut
1484 2357 1684 2444 Frugi
1736 2359 1848 2425 ille
1901 2359 2084 2444 Piso,
2136 2381 2270 2425 non

162 2471 213 2511 25
241 2445 434 2510 audio
506 2466 626 2510 nec
690 2467 863 2530 eum,
917 2445 1090 2530 quod
1144 2446 1411 2531 sentiat,
1466 2445 1692 2512 dicere·
1731 2448 2045 2513 existimo·
2135 2446 2200 2512 N
2203 2469 2268 2511 a·
2305 2466 2371 2515 91

24 2515 43 2683 ἰ
236 2533 487 2599 turales
533 2533 795 2599 divitias
843 2533 1007 2598 dixit
1051 2534 1380 2618 parabiles
1427 2556 1594 2618 esse,
1641 2535 1813 2620 quod
1847 2557 2047 2618 parvo
2095 2539 2270 2599 esset

236 2627 479 2688 natura
521 2625 845 2687 contenta.
948 2621 1165 2707 Certe,
1216 2623 1348 2687 nisi
1402 2623 1811 2706 voluptatem
1853 2623 2024 2688 tanti
2081 2622 2270 2686 aesti-

238 2711 523 2777 maretis.
620 2707 774 2776 Non
828 2711 1065 2792 minor,
1118 2711 1359 2796 inquit,
1419 2711 1721 2794 voluptas
1776 2711 2127 2795 percipitur
2191 2733 2269 2776 ex

238 2799 577 2864 vilissimis
622 2799 815 2864 rebus
864 2807 1059 2883 quam
1098 2821 1177 2864 ex
1220 2799 1729 2882 pretiosissimis.
1811 2798 1956 2864 Hoc
1993 2802 2094 2864 est
2135 2821 2271 2865 non

164 2912 214 2952 so
240 2889 434 2954 modo
481 2909 591 2953 cor
633 2908 768 2953 non
812 2887 1079 2971 habere,
1136 2888 1250 2953 sed
1294 2909 1378 2954 ne
1432 2888 1730 2972 palatum
1776 2873 2051 2973 qu1dem.
2144 2886 2271 2964 Qui

240 2976 413 3041 enim
465 2977 867 3060 voluptatem
920 2976 1130 3059 ipsam
1186 2979 1634 3066 contemnunt,
1695 2976 1778 3041 iis
1840 2975 1996 3042 licet
2059 2973 2268 3041 dicere

242 3085 311 3129 se
356 3086 813 3148 acupenserem
856 3086 1125 3130 maenae
1170 3086 1305 3129 non
1361 3069 1779 3148 anteponere;
1835 3065 1937 3129 cui
1985 3085 2143 3130 -vero
2201 3065 2271 3129 in

238 3153 580 3238 voluptate
616 3151 939 3232 summum
974 3154 1219 3218 bonum
1255 3156 1382 3237 est,
1426 3152 1580 3218 huic
1625 3152 1844 3217 omnia
1881 3174 2092 3236 sensu,
2136 3175 2272 3218 non

240 3241 493 3307 ratione
548 3245 701 3307 sunt
752 3241 1125 3326 iudicanda,
1182 3262 1382 3325 eaque
1442 3241 1710 3306 dicenda
1764 3241 2043 3324 optima,
2103 3261 2268 3324 quae

167 3353 216 3394 ⁸5
244 3329 379 3394 sint
432 3331 833 3396 suavissima.
944 3329 1189 3395 Verum
1252 3333 1422 3413 est03
1489 3331 1921 3413 consequatur
1983 3349 2269 3392 summas
2309 3347 2375 3397 92

242 3418 613 3503 voluptates
654 3417 812 3485 'non
877 3416 1070 3483 modo
1133 3439 1367 3502 parvo,
1431 3416 1544 3482 sed
1599 3439 1715 3500 per
1769 3438 1872 3480 me
1926 3416 2160 3497 nihilo,
2215 3416 2273 3480 si

240 3509 489 3592 potest3
536 3508 625 3572 sit
668 3507 972 3590 voluptas
1020 3527 1156 3572 non
1199 3506 1413 3570 minor
1456 3505 1529 3569 in
1570 3503 1900 3569 nasturcio
1945 3502 2090 3584 illo,
2145 3523 2271 3585 quo
