2609 3884
658 176 792 233 LIB.
830 176 924 232 ΙΙΙ.
980 176 1132 232 ΟΑΡ.
1173 182 1266 246 19,
1304 182 1389 232 20.
1446 182 1476 243 ἓ
1513 182 1759 232 44—49.
2094 179 2227 245 375

210 338 670 424 Ἑαροιθιιΰ,
713 338 946 423 inquit,
1002 338 1110 403 et
1163 360 1565 422 corporum
1628 339 2102 422 complexum
2153 344 2227 406 et

208 428 428 495 ludos
476 430 702 512 atque
747 430 1019 492 cantus
1058 429 1134 490 et
1167 426 1457 492 formas
1505 448 1658 512 eas,
1704 428 1981 513 quibus
2022 428 2227 493 oculi

208 514 534 582 iucunde
597 512 1090 580 moveantur?
1197 512 1373 579 Num
1436 516 1640 601 fingo,
1692 536 1847 581 num
1902 515 2225 580 mentior?

211 602 418 688 Cupio
481 602 710 669 refelli.
801 602 969 679 Quid
1024 601 1196 667 enim
1251 604 1504 687 laboro,
1556 604 1685 669 nisi
1738 607 1813 669 ut
1862 604 2101 669 veritas
2155 604 2225 668 in

155 717 183 761 ε
211 692 389 757 omni
427 691 804 776 quaestione
843 691 1240 775 explicetur?
1301 690 1395 755 At
1430 654 1605 757 idem
1642 692 1736 756 ait
1770 712 1902 758 non
1940 712 2224 757 crescere
2259 703 2330 755 47

208 780 610 865 voluptatem
673 779 890 845 dolore
946 778 1234 845 detracto
1244 828 1262 863 ,
1326 800 1768 864 summamque
1824 779 2226 863 voluptatem

208 888 333 935 esse
383 868 549 934 nihil
604 868 835 933 dolere.
924 867 1158 933 Paucis
1203 867 1423 933 verbis
1480 868 1607 933 tria
1661 888 1900 953 magna
1944 871 2221 953 peccata.

208 955 454 1059 Unum,
509 956 678 1042 quod
735 976 946 1021 secum
1001 956 1144 1039 ipse
1197 958 1473 1041 pugnat3
1530 954 1721 1021 modo
1782 956 1951 1021 enim
1996 976 2076 1020 ne
2123 978 2226 1021 su-

210 1044 448 1127 spicari
492 1043 749 1131 quidem
788 1065 856 1109 se
903 1044 1244 1128 quicquam
1289 1044 1557 1129 bonum,
1602 1044 1732 1109 nisi
1780 1065 2005 1109 sensus
2041 1043 2229 1128 quasi

129 1157 182 1199 10
209 1133 636 1198 titillarentur
688 1131 1051 1215 voluptate3
1114 1151 1286 1197 nunc
1348 1095 1565 1196 auteni
1620 1153 1935 1197 summam
1999 1133 2225 1216 volup-

208 1224 415 1287 tatem
462 1242 602 1285 esse
649 1220 869 1285 dolore
915 1240 1149 1285 carere.
1218 1218 1528 1285 Potestne
1564 1221 1777 1305 magis
1824 1241 2041 1286 secum
2085 1220 2227 1305 ipse

209 1308 544 1393 pugnare?
630 1307 939 1387 „Alterum
993 1310 1354 1391 peccatum,
1408 1308 1607 1392 quod,
1662 1329 1809 1373 cum
1866 1308 1935 1373 in
1994 1310 2229 1373 natura

207 1396 338 1461 tria
387 1396 544 1475 sint,
587 1418 788 1461 unum
833 1395 1136 1481 gaudere,
1183 1395 1457 1460 alterum
1504 1395 1746 1480 dolere,
1801 1395 2066 1460 tertium
2109 1416 2228 1461 nec

212 1484 488 1568 gaudere
549 1504 668 1549 nec
731 1483 980 1565 dolere,
1042 1482 1150 1547 hic
1220 1483 1501 1567 primum
1567 1488 1633 1548 et
1700 1484 1970 1549 tertium
2036 1486 2229 1567 putat

30 1564 32 1573 ἱ
129 1598 182 1639 15
209 1573 382 1637 idem
438 1593 577 1637 esse
631 1593 753 1637 nec
808 1571 1152 1657 distinguit
1205 1593 1244 1635 a
1295 1593 1431 1637 non
1486 1572 1757 1637 dolendo
1812 1572 2227 1655 voluptatem.

210 1661 504 1725 Tertium
569 1663 902 1744 peccatum
955 1680 1289 1725 commune
1354 1681 1500 1725 cum
1562 1658 1973 1745 quibusdam,
2038 1659 2229 1743 quod,

211 1770 358 1815 cum
419 1750 625 1814 virtus
690 1749 970 1814 maxime
1040 1751 1376 1831 expetatur
1450 1748 1707 1833 eiusque
1781 1747 2227 1831 adipiscendae

211 1859 406 1903 causa
449 1836 872 1921 philosophia
911 1836 1206 1920 quaesita
1243 1837 1356 1920 sit,
1401 1835 1516 1901 ille
1552 1858 1593 1901 a
1627 1836 1866 1901 virtute
1906 1856 2227 1900 summum

210 1926 451 1991 bonum
499 1926 843 2009 separavit.
915 1924 1008 1989 At
1051 1924 1276 1991 laudat
1323 1944 1517 2008 saepe
1562 1924 1887 1988 virtutem.
1956 1922 2047 1989 Et
2092 1922 2227 2008 qui·
2263 1943 2334 1995 48

129 2039 184 2081 ιο
213 2014 358 2077 dem
413 2010 481 2078 O.
527 2010 880 2095 Gracchus,
943 2033 1088 2077 cum
1155 2012 1537 2096 largitiones
1591 2011 1907 2076 maximas
1971 2010 2230 2077 fecisset

216 2104 282 2165 et
327 2099 654 2165 effudisset
699 2100 1042 2185 aerarium,
1087 2099 1304 2166 verbis
1351 2103 1571 2164 tamen
1616 2098 2001 2165 defendebat
2052 2120 2228 2164 aera-

213 2187 398 2252 rium.
488 2186 657 2263 Quid
702 2187 899 2252 verba
944 2187 1231 2272 audiam,
1277 2208 1423 2252 cum
1466 2186 1643 2252 facta
1686 2186 1987 2252 videam?
2077 2186 2229 2253 Piso

213 2275 324 2339 ille
366 2274 565 2361 Frugi
611 2296 863 2363 semper
906 2279 1130 2340 contra
1173 2276 1387 2360 legem
1431 2275 1919 2340 frumentariam
1964 2274 2232 2343 dixerat.

30 2410 34 2449 :
211 2362 278 2428 Is
340 2363 486 2449 lege
550 2363 688 2427 lata
749 2357 1104 2427 consularis
1172 2363 1251 2427 ad
1318 2362 1715 2428 frumentum
1783 2362 2231 2447 accipiundum

130 2476 184 2519 25
213 2453 494 2516 venerat.
582 2449 895 2515 Animum
951 2451 1231 2515 advertit
1284 2449 1614 2516 Gracchus
1659 2451 1728 2515 in
1782 2452 2079 2517 contione
2123 2449 2233 2515 Pi-

215 2561 440 2605 sonem
487 2542 797 2625 stantem3
841 2538 1095 2623 quaerit
1140 2538 1435 2604 audiente
1479 2539 1721 2622 populo
1763 2537 2076 2622 Roman0,
2122 2537 2233 2621 qui

215 2627 343 2693 sibi
407 2630 685 2707 constet,
757 2648 904 2691 cum
970 2648 1045 2692 ea
1105 2627 1249 2711 lege
1311 2626 1708 2691 frumentum
1770 2628 1977 2709 petat,
2039 2646 2233 2709 quam

215 2716 612 2781 dissuaserit.
686 2712 1035 2799 ‘Nolim',
1073 2714 1309 2799 inquit,
1361 2714 1555 2780 ‘mea
1588 2715 1816 2799 bona,
1862 2712 2234 2798 Graccho,

212 2804 366 2868 tibi
436 2804 735 2868 viritim
810 2803 1152 2868 dividere
1223 2803 1495 2887 libeat,
1576 2801 1744 2887 sed,
1817 2801 1888 2867 si
1958 2801 2234 2887 faciaS,

30 2944 34 2985 ¹.
133 2917 186 2959 80
214 2894 512 2976 partem
571 2889 867 2977 petam?
956 2891 1278 2957 Parumne
1333 2890 1689 2956 declaravit
1740 2889 1842 2955 vir
1897 2889 2116 2975 gravis
2171 2894 2237 2955 et

214 2980 468 3063 sapiens
523 2980 667 3065 lege
714 2978 1095 3063 Sempronia
1147 2979 1611 3063 patrimonium
1654 2978 1982 3062 publicum
2033 2977 2237 3043 dissu-

212 3067 401 3151 pari?
481 3066 656 3153 Lege
703 3069 1030 3134 orationes
1078 3065 1384 3150 Gracchi,
1428 3068 1776 3151 patronum
1815 3066 2048 3131 aerarii
2094 3088 2235 3131 esse

214 3155 404 3223 dices.
493 3154 712 3242 Negat
755 3155 1078 3240 Epicurus
1135 3154 1411 3220 iucunde
1456 3156 1646 3239 posse
1691 3153 1853 3238 vivi,
1905 3154 2032 3219 nisi
2088 3175 2235 3220 cum
2272 3172 2341 3223 49

30 3300 32 3309 .
212 3244 454 3310 virtute
507 3245 791 3329 vivatur,
842 3246 1044 3329 negat
1095 3242 1299 3307 ullam
1358 3243 1425 3307 in
1485 3242 1843 3327 sapientem
1896 3242 2033 3308 vim
2098 3262 2236 3307 esse

28 3332 32 3403 ζ
132 3356 185 3399 85
213 3331 539 3416 fortunae,
574 3335 832 3397 tenuem
867 3330 1113 3397 victum
1152 3330 1431 3395 antefert
1468 3330 1757 3415 copioso,
1792 3334 1991 3414 negat
2026 3329 2239 3394 ullum

30 3420 32 3429 '
213 3440 354 3484 esse
399 3423 683 3503 tempuS,
730 3440 854 3503 quo
893 3419 1152 3503 sapiens
1188 3440 1324 3484 non
1366 3419 1596 3483 beatus
1635 3419 1739 3483 sit.
1812 3416 2048 3483 Omnia
2094 3417 2236 3501 phi·
2314 3430 2323 3439 '

212 3507 490 3589 losopho
537 3507 759 3591 digna,
806 3508 916 3573 sed
962 3530 1109 3573 cum
1155 3506 1489 3591 voluptate
1534 3504 1913 3593 pugnantia.
1954 3542 2039 3553 —
2084 3504 2150 3571 N
2152 3525 2239 3569 on
