2609 3884
306 680 371 731 31

309 1383 376 1432 32

311 2446 376 2493 33

335 2957 376 3022 9

415 153 500 214 14
839 148 1425 206 ACADEMICORUM
1457 148 1976 206 POSTERIORUM

409 334 626 377 rerum
695 333 834 376 esse
886 312 1191 394 iudicem,
1254 311 1460 378 solam
1528 313 1877 376 censebant
1938 310 2264 391 idoneam,
2330 315 2441 377 cui

411 401 804 484 crederetur,
864 400 1016 484 quia
1060 401 1202 465 sola
1247 403 1537 465 cerneret
1579 398 1672 483 id,
1726 399 1897 483 quod
1952 421 2207 483 semper
2262 405 2441 465 esset

413 489 692 572 simplex
743 491 810 554 et
868 489 1060 554 unius
1121 488 1297 554 modi
1352 491 1418 552 et
1476 488 1633 569 tale,
1696 487 1883 571 quale
1947 492 2135 553 esset.
2243 486 2440 554 Hanc

411 577 515 641 illi
561 575 749 642 ἰδέαν
797 576 1132 660 appellant
1178 577 1232 658 [,
1276 576 1411 640 iam
1447 597 1487 640 a
1520 573 1797 640 Platone
1840 576 1937 640 ita
1979 575 2441 660 nominatam}

413 686 534 730 nos
589 668 764 730 recte
820 665 1152 748 speciem
1206 685 1549 748 possumus
1604 662 1830 729 dicere.
1928 661 2167 728 Sensus
2215 668 2441 729 autem
2465 697 2493 736 5

413 774 640 818 omnes
692 752 960 818 hebetes
1017 756 1084 817 et
1134 750 1358 818 tardos
1414 773 1553 817 esse
1599 750 2085 817 arbitrabantur
2124 774 2247 816 nec
2290 774 2441 835 per-

414 841 625 924 cipere
679 841 814 906 ullo
869 841 1062 906 modo
1115 862 1220 906 res
1274 840 1473 923 ullas,
1537 861 1699 924 quae
1754 840 2080 906 subiectae
2134 841 2439 904 sensibus

412 928 810 1013 viderentur,
855 928 1028 1013 quod
1064 932 1178 993 aut
1212 929 1309 992 ita
1344 933 1561 994 essent
1593 949 1857 1012 parvae,
1902 931 1978 994 ut
2014 928 2133 997 sub
2172 950 2443 994 sensum

415 1017 642 1082 cadere
685 1038 819 1083 non
862 1021 1158 1100 possent,
1204 1020 1318 1081 aut
1360 1016 1455 1080 ita
1498 1016 1769 1080 mobiles
1816 1019 1882 1080 et
1925 1017 2311 1098 concitatae,
2362 1023 2442 1082 ut

413 1104 577 1169 nihil
613 1126 921 1188 umquam
947 1126 1148 1170 unum
1177 1107 1349 1170 esset
1383 1109 1441 1169 et
1474 1107 1799 1188 constanS,
1834 1126 1913 1168 ne
1951 1103 2120 1168 idem
2158 1104 2440 1188 quidem,
2472 1139 2515 1176 ω

417 1193 570 1276 quia
605 1193 1010 1258 continenter
1052 1193 1455 1257 laberentur
1474 1195 1540 1256 et
1582 1191 1856 1258 fluerent
1900 1192 2133 1256 omnia.
2203 1190 2439 1276 Itaque

413 1280 586 1345 hanc
622 1301 878 1346 omnem
922 1284 1175 1365 partem
1215 1301 1433 1344 rerum
1478 1279 1951 1363 opinabilem
1997 1279 2439 1382 appellabant

417 1366 764 1433 Scientiam
801 1372 1018 1434 autem
1050 1389 1369 1452 nusquam
1403 1389 1543 1432 esse
1580 1369 1929 1432 censebant
1960 1368 2089 1432 nisi
2127 1368 2199 1432 in
2234 1369 2440 1432 animi

413 1456 790 1522 notionibus
861 1460 1054 1542 atque
1125 1455 1515 1540 rationibus3
1588 1477 1716 1540 qua
1796 1455 1873 1520 de
1945 1476 2143 1520 causa
2214 1455 2440 1520 defini-

415 1545 625 1610 tiones
670 1566 886 1610 rerum
938 1545 1311 1629 probabant
1355 1547 1423 1608 et
1464 1543 1585 1609 has
1642 1543 1723 1608 ad
1778 1544 2021 1627 omnia,
2074 1543 2155 1608 de
2202 1545 2436 1627 quibus
2467 1575 2512 1614 15

417 1632 919 1716 disceptabatur,
963 1632 1382 1698 adhibebant.
1452 1630 1817 1697 Verborum
1854 1633 2051 1696 etiam
2090 1631 2439 1715 explicatio

414 1721 842 1805 probabatur,
897 1721 964 1786 id
1021 1724 1143 1803 est,
1198 1742 1328 1804 qua
1371 1718 1449 1785 de
1494 1740 1691 1784 causa
1750 1741 2035 1804 quaeque
2081 1723 2299 1784 essent
2341 1720 2440 1784 ita

413 1809 783 1892 nominata,
829 1830 1025 1893 quam
1070 1807 1507 1892 ἐτυμολογίαν
1554 1807 1996 1892 appellabant3
2050 1811 2205 1891 post
2249 1828 2439 1892 argu-

417 1896 652 1961 mentis
709 1896 1095 1979 quibusdam
1149 1899 1215 1960 et
1255 1917 1475 1961 rerum
1530 1896 1706 1961 notis
1752 1896 1938 1979 quasi
1982 1895 2250 1960 ducibus
2296 1901 2438 1960 ute·

414 1983 654 2048 bantur
707 1983 791 2048 ad
842 1983 1250 2067 probandum
1304 1987 1370 2048 et
1424 1984 1508 2049 ad
1560 1983 2065 2049 concludendum
2118 1983 2184 2048 id
2194 2035 2213 2067 ,
2262 1984 2439 2068 quod
2462 2016 2512 2055 20

418 2071 760 2242 3533&ss
777 2070 2039 2225 '5²3⁶2n3123fflss231222b233ss12353?
2058 2070 2437 2244 {ffs‘iffi

759 2207 778 2242 7
952 2204 968 2216 ⁵
2004 2209 2021 2244 ²

418 2267 494 2310 ex
549 2247 756 2310 altera
806 2249 994 2330 parte
1051 2247 1337 2312 oratoria
1379 2248 1480 2312 vis
1526 2247 1775 2312 dicendi
1821 2247 2274 2333 adhibebatur,
2332 2270 2436 2312 ex-

415 2333 720 2418 plicatrix
755 2334 1064 2400 orationis
1109 2339 1457 2420 perpetuae
1502 2335 1585 2400 ad
1628 2335 2140 2418 persuadendum
2185 2357 2433 2401 accom-

415 2422 734 2489 modatae.
839 2422 1019 2488 Haec
1082 2427 1223 2489 erat
1281 2423 1413 2488 illis
1472 2423 1683 2488 forma
1736 2445 1775 2488 a
1829 2422 2105 2488 Platone
2166 2424 2433 2508 tradita3
2462 2453 2511 2495 a

418 2511 600 2576 cuius
638 2533 800 2596 quas
835 2512 1192 2596 acceperim
1227 2511 1723 2596 dissupationes,
1759 2511 1815 2574 si
1841 2510 2061 2594 vultiS,
2099 2533 2435 2595 exponam.

415 2598 556 2666 Nos
627 2622 781 2667 vero
852 2601 1173 2680 volumus,
1235 2600 1533 2684 inquam,
1604 2601 1680 2662 ut
1747 2620 1866 2682 pro
1939 2598 2163 2664 Attico
2236 2601 2435 2665 etiam

415 2689 855 2772 respondeam.
962 2688 1053 2754 Et
1105 2692 1304 2772 recte,
1368 2687 1604 2772 inquit,
1666 2685 2041 2770 respondes3
2105 2688 2435 2771 praeclare

418 2777 587 2840 enim
632 2777 984 2860 explicatur
1024 2775 1599 2860 Peripateticorum
1658 2779 1725 2838 et
1767 2774 2153 2840 Academiae
2198 2779 2434 2842 veteris

416 2863 786 2928 auctoritas.
2460 2893 2510 2933 so

546 2949 937 3016 Aristoteles
978 2947 1182 3035 igitur
1219 2951 1467 3034 primus
1514 2952 1787 3036 species,
1835 2973 1995 3036 quas
2040 2953 2237 3036 paulo
2284 2958 2433 3018 ante

415 3038 574 3122 dixi,
629 3038 1079 3121 labefactavit,
1133 3059 1296 3122 quas
1350 3038 1617 3104 mirifice
1660 3038 1849 3106 Plato
1905 3043 2045 3104 erat
2104 3040 2435 3123 amplexae

413 3129 548 3209 tus,
602 3129 677 3191 ut
729 3126 800 3190 in
842 3127 925 3191 iis
982 3125 1286 3210 quiddam
1347 3127 1634 3192 divinum
1684 3148 1827 3192 esse
1882 3127 2135 3193 diceret.
2226 3128 2433 3195 Theo·

412 3213 717 3297 phrastus
773 3218 1015 3297 autem,
1077 3215 1179 3279 vir
1232 3218 1300 3280 et
1354 3217 1645 3280 oratione
1702 3216 1917 3280 suavis
1966 3219 2032 3281 et
2087 3215 2185 3279 ita
2226 3239 2435 3283 mora-

413 3306 522 3366 tus
532 3353 551 3386 ,
609 3306 682 3367 ut
725 3302 1119 3385 probitatem
1165 3302 1487 3386 quandam
1535 3323 1687 3387 prae
1733 3323 1802 3374 se
1850 3307 1916 3367 et
1959 3304 2433 3388 ingenuitatem
2459 3330 2508 3372 ει,

415 3388 613 3474 ferat,
657 3389 1098 3456 vehementius
1135 3391 1335 3456 etiam
1379 3389 1577 3474 fregit
1612 3389 1893 3472 quodam
1928 3390 2119 3455 modo
2158 3394 2433 3458 auctori·-

414 3480 619 3542 tatem
703 3479 939 3544 veteris
1010 3477 1422 3562 disciplinae3
1506 3477 1811 3560 spoliavit
1882 3478 2053 3542 enim
2124 3480 2436 3545 virtutem
