2609 3884
273 441 340 491 ‘10

271 1499 334 1548 ‘11

378 90 464 153 52
906 75 1490 143 ACADEMICORUM
1525 88 1862 143 PRIORUM

379 249 574 316 dani?
648 250 756 334 qui
827 253 1014 315 erant
1072 249 1350 313 Athenis
1411 253 1554 314 tum
1620 250 1945 351 principes
2010 248 2407 316 Stoicorum.

375 338 747 423 Numquam
801 361 842 403 a
894 338 1166 402 Philone
1221 338 1543 427 discessit,
1596 338 1725 403 nisi
1776 342 2206 423 posteaquam
2258 340 2408 423 ipse

379 427 616 510 coepit,
672 426 783 510 qui
837 448 905 490 se
963 426 1282 510 audirent,
1339 388 1594 490 habere.
1684 426 1869 491 Unde
1915 431 2133 491 autem
2182 428 2405 494 subito

373 518 562 580 vetus
625 513 978 613 Academia
1039 477 1340 578 revocata
1402 514 1547 578 est?
1645 513 1947 579 Nominis
2010 514 2407 599 dignitatem

376 603 655 686 videtur,
710 624 856 667 cum
913 624 952 665 a
994 623 1064 665 re
1110 602 1256 685 ipsa
1308 602 1715 686 descisceret,
1771 602 2048 667 retinere
2094 604 2459 687 voluisse,5

377 691 546 776 quod
611 694 795 755 erant
849 689 960 774 qui
1023 690 1228 753 illum.
1275 690 1523 774 gloriae
1582 712 1777 755 eausa
1836 691 2047 755 facere
2111 692 2409 756 dicerent

378 782 747 863 sperantem
808 776 948 843 fore
1000 780 1074 841 ut
1127 777 1203 859 ii,
1267 778 1379 861 qui
1432 799 1500 841 se
1557 782 2000 862 sequerentur,
2062 776 2409 843 Antiochii

374 871 774 932 vocarentur.
873 863 1038 928 Mihi
1093 868 1308 929 autem
1363 866 1571 950 magis
1617 866 1873 931 videtur
1914 888 2047 931 non
2104 868 2407 950 potuisse

377 956 700 1019 sustinere
745 975 1125 1018 concursum
1172 954 1461 1018 omnium
1503 953 2059 1037 philosophorum.
2130 954 2407 1019 Etenim

375 1043 454 1106 de
539 1042 765 1106 ceteris
841 1045 992 1106 sunt
1074 1041 1246 1105 inter
1317 1042 1465 1105 illos
1536 1063 1669 1107 non
1746 1042 1931 1106 nulla
2001 1043 2483 1126 communia31o
2549 1076 2550 1085 ¹

371 1129 536 1194 haec
597 1128 1131 1194 Academicorum
1205 1133 1304 1194 est
1365 1151 1495 1195 una
1566 1130 1911 1212 sententia,
1982 1151 2182 1213 quam
2255 1131 2405 1195 reli-

245 1252 252 1257 ·
375 1239 646 1302 quorum
710 1217 1248 1301 philosophorum
1309 1240 1503 1283 nemo
1557 1216 1809 1301 probet.
1909 1216 2139 1301 Itaque
2187 1220 2406 1302 cessit,

377 1309 444 1369 et
496 1309 572 1373 ut
623 1305 720 1389 ii,
741 1306 850 1390 (1111
907 1306 1024 1370 sub
1069 1304 1278 1379 Novis
1326 1306 1531 1371 solem
1575 1326 1709 1370 non
1764 1304 2007 1389 ferunt,
2062 1306 2224 1370 item
2271 1307 2406 1385 ille,

375 1416 520 1459 cum
567 1396 924 1477 aestuaret,
969 1397 1285 1476 veterum,
1331 1398 1407 1458 ut
1450 1393 1965 1477 Maenianorum,
2011 1394 2104 1457 810
2151 1394 2403 1459 Acade—

375 1482 691 1547 micorum
752 1445 1048 1545 umbram
1114 1486 1371 1553 secutus
1433 1485 1552 1545 est.
1656 1482 1920 1565 Quoque
1945 1444 2244 1546 solebat
2305 1485 2405 1547 uti
2430 1510 2479 1551 15

375 1574 756 1656 argumento
801 1573 968 1648 tum,
1022 1591 1168 1634 cum
1213 1571 1273 1634 ei
1323 1570 1624 1653 placebat
1665 1570 1834 1633 nihil
1890 1591 2085 1653 posse
2128 1571 2405 1654 percipi,

374 1681 520 1723 cum
601 1661 966 1743 quaereret,
1042 1656 1409 1741 Dionysius
1486 1658 1598 1721 ille
1678 1655 2093 1722 Heracleotes
2174 1661 2405 1723 utrum

372 1746 964 1830 comprehendisset
1010 1748 1185 1809 certa
1238 1747 1355 1810 illa
1398 1749 1586 1829 nota,
1646 1766 1773 1828 qua
1820 1745 2134 1809 adsentiri
2182 1746 2403 1810 dicitis

323 1869 334 1877 ·
375 1838 699 1918 oportere,
752 1833 997 1898 illudne
1007 1884 1024 1917 ,
1080 1834 1250 1917 quod
1295 1834 1534 1897 multos
1582 1854 1783 1897 annos
1828 1834 2148 1897 tenuisset
2194 1833 2402 1899 Zeno-

371 1923 566 2005 nique
620 1922 936 2005 magistro
993 1921 1391 2004 credidisset,
1445 1922 1792 1985 honestum
1846 1920 2025 2004 quod
2072 1925 2269 2005 esset,
2330 1922 2400 1986 id
2430 1949 2478 1989 20

267 2024 272 2029 “
372 2011 617 2074 bonum
671 2009 882 2074 solum
937 2031 1102 2092 0880,
1167 2032 1275 2093 an,
1340 2008 1508 2092 quod
1561 2011 1789 2091 postea
1856 2008 2403 2094 defensitavisset,

268 2698 378 2824 ἐξ

369 2097 634 2161 honesti
677 2097 869 2161 inane
920 2119 1159 2161 nomen
1203 2118 1368 2180 esse,
1421 2097 1823 2180 voluptatem
1884 2118 2025 2161 esse
2071 2119 2402 2162 summum

374 2185 642 2249 bonum:
680 2184 791 2269 qui
825 2207 904 2250 ex
937 2186 1113 2249 illius
1151 2187 1549 2249 commutata
1584 2186 1907 2249 sententia
1944 2184 2169 2257 docere
2198 2186 2403 2250 vellet

373 2272 542 2339 nihil
586 2274 680 2337 ita
721 2274 966 2358 signari
1010 2274 1080 2336 in
1125 2274 1357 2337 animis
1401 2273 1641 2337 nostris
1680 2294 1719 2336 a
1762 2293 1913 2336 vero
1958 2294 2175 2355 posse,
2224 2274 2399 2357 quod

373 2383 509 2426 non
567 2362 788 2427 eodem
860 2362 1050 2427 modo
1113 2363 1335 2444 posset
1406 2382 1445 2424 a
1505 2360 1701 2441 falso,
1762 2359 1819 2424 is
1884 2360 2159 2444 curavit,
2224 2362 2399 2445 quod
2427 2387 2477 2427 25

377 2453 830 2534 argumentum
867 2471 944 2513 ex
978 2448 1299 2531 Dionysio
1338 2448 1477 2531 ipse
1516 2448 1917 2532 sumpsisset,
1964 2469 2039 2511 ex
2076 2470 2152 2513 eo
2197 2451 2398 2514 ceteri

357 2542 720 2603 ..sumerent
793 2536 918 2603 Sed
963 2558 1108 2601 cum
1152 2538 1278 2602 hoc
1324 2536 1451 2600 alio
1498 2536 1639 2600 loco
1686 2536 1901 2620 plura,
1952 2556 2125 2599 nunc
2170 2537 2257 2601 ad
2304 2560 2397 2621 ea,

375 2648 536 2709 quae
584 2649 624 2689 a
667 2631 759 2709 te,
804 2624 1093 2709 Luculle,
1139 2624 1313 2688 dicta
1357 2627 1523 2688 sunt.

549 2713 640 2775 Et
683 2714 986 2796 primum,
1042 2676 1212 2795 q'uod
1264 2712 1454 2776 initio
1512 2711 1759 2794 dixisti,
1813 2711 2140 2775 videamus
2199 2714 2397 2795 quale
2549 2780 2550 2797 ἒ

377 2800 489 2882 sit,
551 2800 848 2863 similiter
911 2823 951 2863 a
1009 2800 1201 2864 nobis
1263 2800 1341 2863 de
1407 2799 1689 2882 antiquis
1718 2816 1725 2823 ·
1752 2798 2159 2882 philosophis
2224 2822 2397 2864 com·
2422 2826 2476 2867 30
2549 2854 2550 2885 3

374 2887 742 2969 memorari,
806 2891 995 2969 atque
1052 2885 1343 2952 seditiosi
1403 2888 1687 2951 solerent
1750 2885 1959 2951 claros
2019 2888 2220 2971 viroS,
2282 2889 2396 2953 sed
2549 2886 2550 2889 '

375 2979 594 3038 tamen
669 2974 1012 3057 populares
1085 2974 1333 3058 aliquos
1406 2975 1757 3039 nominare.
1882 2972 1991 3038 Illi
2072 2936 2220 3038 cuni
2291 2998 2395 3040 res

374 3083 576 3126 novas
640 3066 956 3141 tractent,
1020 3060 1263 3125 similes
1328 3061 1643 3128 bonorum
1702 3062 1904 3126 videri
1957 3063 2210 3146 volunt3
2268 3084 2393 3127 1108

375 3154 592 3213 autem
629 3169 706 3213 ea
751 3148 1020 3213 dicimus
1049 3150 1240 3214 nobis
1276 3150 1505 3235 videri,
1550 3164 1712 3233 quae
1748 3144 2001 3214 vosmet
2042 3150 2173 3234 ipsi
2206 3150 2392 3215 nobi-

371 3238 639 3301 lissimis
685 3237 1088 3337 philosophis
1143 3238 1465 3320 placuisse
1510 3238 1875 3302 conceditis,
1964 3236 2389 3322 Anaxagoras
2417 3265 2465 3305 ³5

372 3323 588 3387 nivem
643 3325 899 3409 nigram
962 3325 1125 3388 dixit
1178 3347 1335 3389 esse.
1444 3323 1669 3387 Ferres
1733 3346 1861 3407 me,
1927 3325 1984 3389 si
2042 3345 2162 3409 ego
2217 3326 2390 3389 idem

375 3410 695 3476 dicerem?
783 3411 909 3495 Tu,
952 3434 1035 3477 ne
1081 3412 1138 3475 si
1193 3411 1551 3483 dubitarem
1596 3411 1869 3493 quidem.
1962 3410 2054 3475 At
2098 3414 2241 3496 quis
2289 3417 2390 3477 est
