2609 3884
733 170 870 225 LIB.
906 170 1001 227 IV.
1059 171 1214 227 CAP.
1251 176 1425 226 4—6.
1480 176 1511 238 ς
1549 175 1756 227 8—12.
2126 170 2258 235 395

237 357 321 400 ne
367 334 587 399 omnia
630 334 1026 417 dilabantur,
1073 334 1129 397 si
1172 355 1373 397 unum
1410 333 1651 417 aliquid
1698 334 2012 417 effugerit.
2086 332 2255 410 Quo-

238 422 445 505 niam,
491 444 654 506 quae
691 420 923 486 Graeci
967 416 1154 504 ποὲθη
1193 426 1453 503 vocant,
1497 421 1687 487 nobis
1733 422 2255 504 perturbationes

239 510 557 595 appellari
583 510 792 595 magis
829 510 1042 593 placet
1078 531 1269 594 quam
1306 510 1589 593 morbOS,
1624 510 1696 574 in
1730 510 1833 574 his
1863 509 2255 593 explicandis

239 602 522 663 veterem
567 599 752 663 illam
792 597 1086 681 equidem
1121 597 1536 681 Pythagorae
1581 599 1887 681 primum,
1932 597 2079 662 dein
2113 596 2254 661 Pla-

183 711 212 751 5
241 688 416 752 tonis
452 687 942 770 discriptionem
979 708 1228 770 sequar,
1266 687 1378 770 qui
1414 686 1699 751 animum
1734 687 1804 751 in
1840 686 2000 752 duas
2036 689 2256 769 partes

241 775 560 858 dividunt,
607 774 879 839 alteram
915 774 1188 839 rationis
1233 774 1621 858 participem
1664 774 1937 858 faciunt,
1986 774 2256 839 alteram

239 866 596 947 expertem3
641 863 712 928 in
747 862 1062 947 participe
1099 862 1373 927 rationis
1409 867 1662 946 ponunt
1695 863 2257 946 tranquillitatem,

237 952 307 1016 id
343 956 444 1017 est
477 951 800 1035 placidam
839 951 1252 1036 quietamque
1287 950 1747 1033 constantiam,
1792 951 1863 1015 in
1898 951 2013 1014 illa
2051 950 2257 1015 altera

237 1043 455 1106 motus
499 1040 793 1105 turbidos
840 1061 985 1104 cum
1029 1040 1188 1122 irae,
1243 1042 1386 1103 tum
1433 1038 1837 1122 cupiditatis,
1892 1040 2254 1104 contrarios

152 1155 209 1193 10
237 1128 660 1212 inimicosque
685 1128 943 1193 rationi.
1012 1126 1112 1192 Sit
1147 1128 1351 1211 igitur
1387 1126 1493 1191 hic
1530 1128 1703 1209 fons3
1740 1130 2000 1191 utamur
2036 1131 2254 1191 tamen

237 1218 310 1282 in
360 1217 462 1281 his
517 1216 1112 1301 perturbationibus
1159 1214 1581 1280 discribendis
1630 1214 1988 1279 Stoicorum
2036 1214 2255 1279 defini-

238 1304 528 1371 tionibus
594 1308 660 1369 et
721 1304 1209 1389 partitionibus,
1276 1304 1387 1387 qui
1442 1303 1601 1367 mihi
1655 1302 1955 1367 videntur
2008 1302 2077 1367 in
2134 1302 2257 1367 hac

239 1392 622 1477 quaestione
666 1392 914 1457 versari
960 1393 1345 1457 acutissime.

371 1481 498 1546 Est
540 1479 742 1566 igitur
777 1479 1052 1546 Zenonis
1090 1480 1251 1545 haec
1287 1480 1603 1565 definitio,
1648 1484 1723 1545 ut
1766 1482 2255 1565 perturbatio

155 1596 211 1635 15
243 1570 348 1653 sit,
386 1568 556 1652 quod
591 1565 812 1645 πάθος
845 1568 955 1633 ille
991 1568 1166 1651 dicit,
1203 1591 1432 1633 aversa
1458 1592 1499 1633 a
1532 1572 1711 1633 recta
1746 1570 1995 1633 ratione
2032 1573 2257 1634 contra

235 1662 539 1723 naturam
605 1657 806 1722 animi
869 1657 1233 1723 commotio,
1347 1656 1623 1733 Quidam
1685 1658 1943 1721 brevius
2005 1661 2254 1740 pertur-

236 1746 570 1811 bationem
633 1767 773 1811 esse
837 1745 1194 1829 adpetitum
1256 1745 1830 1828 vehementiorem,
1894 1744 2011 1809 sed
2068 1744 2256 1810 vehe-

237 1835 622 1901 mentiorem
669 1856 815 1899 eum
859 1833 1088 1898 volunt
1131 1854 1298 1916 esse,
1345 1833 1457 1917 qui
1502 1833 1757 1917 longius
1803 1832 2169 1897 discesserit
2217 1854 2257 1897 a

237 1926 510 1987 naturae
595 1923 980 1989 constantia.
1095 1920 1325 1985 Partes
1406 1923 1623 1984 autem
1695 1921 2255 2003 perturbationum

155 2038 214 2076 20
241 2011 466 2075 volunt
519 2031 596 2075 ex
650 2010 898 2075 duobus
955 2009 1239 2093 opinatis
1294 2010 1481 2073 bonis
1536 2009 1717 2073 nasci
1762 2013 1827 2073 'et
1872 2030 1951 2073 ex
2005 2008 2253 2074 duobus

243 2097 528 2181 opinatis
575 2098 786 2181 :uali83
829 2098 928 2161 ita
963 2118 1102 2162 esse
1142 2100 1474 2181 quattuor,
1514 2120 1592 2162 ex
1626 2097 1813 2162 bonis
1850 2096 2255 2162 libidinem

2294 1138 2352 1188 11

2294 1480 2336 1545 6

243 2190 312 2251 et
365 2185 780 2270 laetitiam,
842 2188 920 2251 ut
973 2186 1061 2250 sit
1111 2186 1363 2251 laetitia
1424 2186 1857 2270 praesentium
1918 2186 2255 2271 bonorum,
2328 2231 2331 2233 v

242 2273 450 2339 libido
486 2272 878 2353 futurorum,
925 2295 1000 2339 ex
1038 2274 1230 2339 malis
1267 2278 1543 2340 metum
1582 2279 1647 2339 et
1691 2273 2266 2361 aegritudinem

242 2362 425 2427 nasci
479 2365 765 2440 censent,
819 2366 1064 2426 metum
1115 2362 1382 2446 futuris,
1439 2363 1908 2448 aegritudinem
1958 2384 2256 2447 praesen-

159 2476 214 2516 25
242 2451 444 2535 tibus;
481 2472 644 2535 quae
681 2450 852 2516 enim
886 2450 1216 2515 venientia
1251 2456 1651 2535 metuuntur,
1688 2452 1912 2515 eadem
1951 2452 2257 2516 adficiunt

243 2537 646 2625 aegritudine
689 2538 1022 2603 instantia.
1091 2538 1374 2607 Laetitia
1410 2544 1625 2605 autem
1667 2543 1735 2603 et
1778 2538 1981 2604 libido
2026 2540 2098 2603 in
2140 2538 2255 2604 bo-

229 2642 473 2693 norum
528 2626 825 2710 opinione
878 2630 1246 2711 versantur,
1312 2649 1458 2691 cum
1518 2627 1721 2692 libido
1786 2626 1867 2692 ad
1929 2626 2023 2710 id,
2085 2625 2256 2710 quod

241 2715 498 2781 videtur
532 2716 798 2794 bonum,
833 2715 1072 2781 inlecta
1109 2719 1174 2779 et
1207 2715 1610 2781 inflammata
1644 2716 1965 2798 rapiatur,
2005 2714 2256 2779 laetitia

241 2808 318 2868 ut
351 2803 586 2887 adepta
628 2802 761 2868 iam
801 2804 1043 2887 aliquid
1080 2805 1491 2888 concupitum
1528 2803 1844 2868 ecferatur
1890 2806 1957 2868 et
2000 2804 2254 2888 gestiat.

157 2918 216 2958 eo
241 2890 498 2957 Natura
533 2892 703 2957 enim
740 2913 960 2958 omnes
999 2914 1091 2976 ea,
1139 2913 1301 2976 quae
1338 2893 1512 2957 bona
1547 2892 1863 2974 videntur,
1905 2895 2257 2975 sequuntur

239 2980 624 3066 fugiuntque
687 2981 1028 3047 contraria.
1137 2980 1349 3057 Quam
1412 2980 1497 3045 ob
1551 3000 1684 3044 rem
1750 2979 1943 3046 simul
2008 2979 2259 3045 obiecta

243 3069 487 3150 species
543 3073 644 3133 est
697 3069 1083 3152 cuiuspiam,
1137 3069 1311 3153 quod
1363 3069 1607 3133 bonum
1667 3067 1984 3151 videatur,
2048 3068 2128 3132 ad
2190 3066 2258 3131 id

242 3154 722 3239 adipiscendum
771 3156 1052 3239 impellit
1085 3156 1232 3240 ipsa
1265 3161 1517 3221 natura.
1588 3156 1665 3221 Id
1700 3178 1846 3221 cum
1887 3158 2257 3221 constanter

241 3244 709 3329 prudenterque
767 3244 874 3326 fit,
929 3242 1066 3307 eius
1112 3244 1288 3309 modi
1344 3244 1807 3327 adpetitionem
1852 3243 2055 3309 Stoici
2098 3238 2255 3325 βού-

159 3358 216 3399 ⁸5
243 3336 440 3415 λησιν
484 3330 842 3415 appellant,
891 3352 1010 3395 nos
1057 3332 1458 3415 appellemus
1503 3332 2001 3397 voluntatem.
2087 3329 2258 3395 Eam

241 3419 339 3484 illi
391 3423 626 3504 putant
677 3419 745 3483 in
790 3418 929 3484 solo
977 3440 1118 3483 esse
1165 3420 1482 3503 sapiente,
1541 3442 1735 3504 quam
1782 3420 1873 3485 sic
1919 3418 2256 3484 definiunt:

242 3507 542 3574 voluntas
589 3510 715 3592 est,
761 3528 925 3592 quae
969 3508 1122 3592 quid
1168 3529 1315 3573 cum
1358 3509 1611 3574 ratione
1656 3508 1993 3571 desiderat.
2077 3504 2257 3583 Quae

2294 2552 2359 2600 12
