2609 3884
396 155 484 218 42
926 151 1513 207 ACADEMICORUM
1548 149 1884 207 PRIORUM

394 321 625 383 contra
668 314 1124 398 comparanda.
1207 314 1611 379 Adversatur
1655 312 1829 376 enim
1874 312 2181 396 primum,
2242 310 2438 396 quod

392 427 623 491 parum
695 403 987 488 defigunt
1059 401 1313 467 animos
1388 405 1455 466 et
1522 402 1870 466 intendunt
1940 401 2012 464 in
2084 421 2183 483 ea,
2248 419 2435 484 qua-e

391 491 732 579 perspicua
785 493 962 574 sunt,
1017 493 1118 574 ut,
1186 494 1431 574 quanta
1491 489 1637 554 luce
1691 511 1769 554 ea
1820 487 2211 553 circumfusa
2264 487 2437 571 sint,

393 575 654 665 possint
717 599 1098 664 agnoscere3
1163 579 1443 642 alterum
1508 582 1631 661 est,
1705 577 1876 662 quod
1938 575 2284 640 fallacibus
2352 579 2435 639 et

394 669 702 753 captiosis
746 665 1365 751 interrogationibus
1407 664 1879 748 circumscripti
1923 667 2114 748 atque
2160 663 2434 747 decepti
2468 691 2501 728 5

394 757 685 842 quidam,
739 778 886 820 cum
942 776 1052 820 eas
1107 754 1463 819 dissolvere
1517 775 1653 818 non
1695 756 1997 837 possunt,
2052 751 2435 816 desciscunt

395 868 434 910 a
473 845 766 911 veritate.
857 842 1130 926 Oportet
1171 842 1377 927 igitur
1422 845 1489 906 et
1532 863 1637 924 ea,
1687 862 1852 925 quae
1895 861 2016 925 pro
2063 839 2431 923 perspicui-

392 936 530 998 tate
582 931 958 1016 responderi
1009 934 1313 1014 possunt,
1366 929 1437 994 in
1481 933 1791 1013 promptu
1835 928 2099 1012 habere,
2151 927 2230 992 de
2276 927 2429 1012 qui—

392 1021 515 1086 bus
594 1020 730 1084 iam
800 1019 1110 1102 diximus,
1192 1021 1260 1082 et
1330 1039 1471 1082 esse
1543 1020 1855 1100 armatos,
1934 1019 2010 1080 ut
2082 1037 2429 1082 occurrere

393 1108 716 1192 possimus
762 1105 1383 1191 interrogationibus
1430 1127 1655 1171 eorum
1700 1103 2163 1188 captionesque
2209 1103 2429 1168 discu-
2464 1131 2532 1169 ιο

289 1210 358 1259 47
393 1201 549 1280 tere,
593 1195 764 1280 quod
809 1194 1109 1279 deinceps
1153 1193 1367 1258 facere
1413 1192 1741 1259 constitui.
1827 1192 2170 1276 Exponam
2214 1192 2430 1277 igitur

397 1283 756 1369 generatim
801 1285 1184 1368 argumenta
1230 1303 1481 1365 eorum,
1537 1280 1843 1365 quoniam
1898 1280 2031 1364 ipsi
2076 1280 2275 1345 etiam
2320 1280 2429 1344 illi

398 1373 610 1437 solent
642 1393 776 1437 non
822 1371 1083 1436 confuse
1128 1370 1328 1454 loqui.
1399 1369 1691 1434 Primum
1729 1372 2047 1434 conantur
2083 1368 2428 1434 ostendere

395 1461 606 1526 multa
649 1481 839 1544 posse
875 1457 1080 1523 videri
1117 1479 1286 1537 esse,
1333 1479 1496 1542 quae
1542 1457 1806 1522 omnino
1849 1457 2031 1522 nulla
2078 1456 2226 1540 sint,
2272 1478 2427 1521 cum

397 1549 599 1614 animi
642 1547 925 1613 inaniter
959 1549 1344 1612 moveantur
1380 1545 1604 1610 eodem
1640 1545 1833 1610 modo
1868 1545 2062 1610 rebus
2106 1544 2207 1628 iis,
2253 1565 2425 1628 quae
2460 1570 2523 1611 15

395 1638 613 1702 nullae
661 1636 818 1720 sint,
862 1639 938 1699 ut
978 1634 1090 1712 iis,
1135 1655 1299 1718 quae
1347 1633 1499 1699 sint.
1586 1631 1758 1698 Nam
1804 1655 1952 1698 cum
1998 1632 2260 1716 dicatiS,
2320 1631 2426 1696 in-
2595 1629 2596 1632 ’

395 1725 655 1810 quiunt,
699 1724 843 1788 visa
886 1723 1202 1807 quaedam
1245 1721 1427 1786 mitti
1472 1744 1513 1786 a
1557 1721 1706 1804 deo,
1760 1721 1941 1785 velut
1983 1743 2085 1805 ea,
2140 1741 2303 1804 quae
2350 1721 2427 1784 in

397 1813 644 1878 somnis
698 1811 1068 1894 videantur,
1131 1831 1422 1894 quaeque
1478 1810 1783 1894 oraculis,
1852 1808 2187 1892 auspiciis,
2252 1808 2424 1873 extis

397 1901 804 1965 declarentur
867 1898 1056 1982 (haec
1119 1899 1294 1962 enim
1360 1898 1546 1962 aiunt
1597 1897 1863 1982 probari
1928 1896 2190 1980 Stoicis,
2256 1919 2423 1981 quos
2595 1949 2596 1960 ,

398 1991 626 2054 contra
662 1983 1052 2072 disputant),
1098 1989 1441 2070 quaerunt,
1486 2007 1769 2070 quonam
1804 1986 2027 2069 modo,
2070 1984 2246 2050 falsa
2278 1985 2426 2050 visa
2454 2011 2517 2050 ευ
2594 1983 2596 2026 ¹

398 2096 560 2160 quae
627 2073 784 2158 sint,
847 2095 926 2138 ea
984 2074 1136 2137 deus
1203 2073 1459 2138 efficere
1520 2074 1733 2157 possit
1793 2073 2191 2157 probabilia,
2253 2094 2424 2157 quae

398 2166 618 2228 autem
654 2162 848 2246 plane
885 2183 1198 2245 proxume
1237 2163 1331 2226 ad.
1354 2183 1578 2226 verum
1618 2163 1951 2246 accedant,
1997 2161 2247 2226 efficere
2286 2183 2427 2228 non

397 2251 640 2335 possit,
703 2253 842 2333 aut,
889 2250 945 2314 si
991 2271 1068 2314 ea
1113 2271 1366 2334 quoque
1410 2249 1646 2334 possit,
1700 2272 1815 2314 cur
1858 2250 1975 2314 illa
2018 2271 2149 2314 non
2193 2250 2427 2333 possit,

399 2361 564 2423 quae
601 2337 1110 2422 perdifficiliter,
1138 2338 1665 2403 internoscantur
1698 2341 1932 2419 tamen,
2005 2340 2095 2421 et,
2142 2337 2211 2401 si¹
2242 2337 2428 2421 haec,

292 2447 362 2498 48
398 2449 512 2492 cur
562 2448 720 2511 non,
777 2425 948 2492 inter
991 2447 1156 2510 quac
1200 2425 1369 2490 nihil
1423 2426 1511 2491 sit
1556 2426 1839 2492 omnino.
1959 2423 2226 2508 Deinde,
2274 2447 2426 2490 cum
2454 2451 2513 2492 25

397 2538 580 2583 mens
643 2518 980 2580 moveatur
1045 2515 1192 2598 ipsa
1257 2535 1375 2598 per
1433 2535 1599 2598 sese,
1657 2517 1733 2578 ut
1803 2517 1871 2578 et
1932 2535 2010 2578 ea
2071 2512 2427 2598 declarant,

398 2627 562 2689 quae
600 2603 998 2689 cogitatione
1036 2602 1475 2688 depingimus,
1514 2605 1579 2666 et
1614 2623 1693 2668 ea
1701 2653 1720 2686 ,
1756 2623 1919 2686 quae
1956 2602 2062 2667 vel
2098 2600 2427 2668 dormien-

397 2693 574 2757 tibus
622 2693 729 2756 vel
775 2690 1039 2756 furiosis
1085 2691 1384 2756 videntur
1427 2712 1557 2755 non
1601 2711 1983 2774 numquam,
2027 2689 2165 2754 veri
2208 2690 2425 2755 simile

399 2783 498 2844 est
561 2780 655 2844 sic
717 2779 915 2843 etiam
979 2782 1266 2843 mentem
1330 2777 1613 2862 moveri,
1684 2782 1759 2841 ut
1827 2799 1963 2843 non
2033 2777 2226 2843 modo
2287 2800 2426 2843 non

396 2866 821 2949 internoscat,
874 2887 1030 2930 vera
1079 2866 1200 2930 illa
1244 2866 1388 2930 visa
1434 2866 1569 2930 sint
1612 2887 1780 2931 anne
1825 2866 2019 2948 falsa,
2076 2864 2189 2930 sed
2233 2868 2308 2930 ut
2352 2866 2427 2930 in
2454 2891 2509 2932 ao

396 2954 480 3018 iis
539 2953 707 3017 nihil
768 2953 1029 3017 intersit
1099 2953 1407 3031 omnin03
1483 2957 1559 3018 ut
1632 2954 1689 3018 si
1763 2953 1875 3038 qui
1936 2956 2288 3018 tremerent
2360 2958 2429 3018 et

398 3041 872 3106 exalbescerent
927 3040 1049 3104 vel-
1082 3039 1212 3124 ipsi
1270 3062 1386 3124 per
1432 3063 1499 3106 se
1546 3045 1729 3106 motu
1774 3041 2011 3106 mentis
2057 3042 2273 3126 aliquo
2320 3043 2429 3106 vel

401 3129 660 3193 obiecta
722 3127 1004 3192 terribili
1068 3149 1138 3192 re
1201 3128 1623 3212 extrinsecus,
1684 3129 1854 3194 nihil
1915 3133 1991 3194 ut
2052 3133 2249 3208 esset,
2313 3129 2428 3214 qui

397 3217 905 3300 distingueretur
965 3221 1210 3282 tremor
1262 3217 1372 3281 ille
1428 3221 1494 3282 et
1545 3217 1782 3301 pallor,
1844 3239 2053 3302 neque
2112 3220 2187 3281 ut
2248 3219 2426 3301 quic-

399 3327 605 3388 quam·
631 3305 971 3370 interesset
995 3304 1167 3370 inter
1192 3305 1572 3370 intestinum
1600 3309 1667 3369 et
1694 3304 2003 3370 oblatum.
2063 3305 2423 3390 PostremO,
2452 3332 2509 3374 35

399 3393 456 3456 si
517 3393 698 3457 nulla
760 3393 904 3457 visa
957 3396 1112 3457 sunt
1170 3392 1563 3476 probabilia,
1628 3413 1792 3475 quae
1844 3392 2015 3458 falsa
2070 3393 2231 3476 sint,
2294 3393 2425 3458 alia

395 3479 564 3545 ratio
620 3484 742 3565 est3
799 3481 903 3546 sin
957 3485 1176 3546 autem
1231 3483 1409 3564 sunt,
1464 3501 1578 3544 cur
1620 3501 1754 3544 non
1800 3480 2025 3566 etiam,
2082 3502 2245 3565 quae
2290 3502 2425 3547 non
