2609 3884
380 166 468 231 94
710 166 807 222 DE
844 165 1134 222 FINIBUS
1170 165 1530 221 BONORUM
1563 165 1658 220 ET
1695 165 2062 221 MALORUM

381 329 733 412 quaeritur,
789 329 875 392 sit
927 326 1453 411 pulcherrimum.
1551 327 1816 392 Etenim
1872 328 1929 392 si
1983 327 2396 410 delectamur,

380 439 525 481 cum
572 416 936 494 scribimuS‚
996 415 1140 499 quis
1187 419 1289 481 est
1331 418 1469 479 tam
1513 414 1798 499 invidus,
1853 415 1964 499 qui
2023 416 2105 480 ab
2152 437 2227 480 eo
2271 437 2394 479 nos

380 503 700 569 abducat?
746 505 851 569 sin
885 503 1284 587 laboramus,
1331 501 1476 586 quis
1525 506 1650 586 est,
1696 503 1807 587 qui
1845 503 2093 568 alienae
2131 503 2396 567 modum

380 595 629 657 statuat
662 589 1060 656 industriae?
1130 591 1305 656 Nam
1340 594 1416 654 ut
1450 590 1876 655 Terentianus
1914 589 2221 657 Chremes
2262 612 2396 655 non

377 681 789 765 inhumanus,
835 680 947 764 qui
990 700 1233 744 novum
1276 679 1560 743 vicinum
1602 700 1734 744 non
1778 678 1922 744 vult
2423 703 2458 744 5

482 809 778 877 Fodere
839 814 973 875 alit
1020 832 1236 874 arare
1284 813 1417 874 aut
1463 810 1762 894 aliquid
1814 811 2018 876 ferre
2067 811 2396 896 denique

379 941 546 1027 (non
574 943 747 1008 enim
790 943 979 1007 illum
1025 942 1108 1007 ab
1154 942 1501 1026 industria,
1547 943 1659 1007 sed
1697 942 1779 1007 ab
1816 943 2126 1008 illiberali
2168 943 2395 1009 labore

377 1029 712 1116 deterret),
758 1031 853 1095 sic
895 1030 1008 1095 isti
1055 1030 1320 1114 curiosi,
1367 1052 1526 1114 quos
1565 1030 1838 1095 offendit
1871 1035 2093 1096 noster
2129 1032 2395 1096 minime

374 1119 565 1184 nobis
610 1097 995 1183 iniucundus
1041 1118 1243 1183 labor.
2604 1169 2605 1172 ¹

506 1207 597 1272 Iis
641 1206 845 1291 igitur
881 1210 983 1271 est
1028 1205 1352 1271 difficilius
1401 1207 1562 1272 satis
1605 1207 1846 1290 facere,
1893 1207 2004 1291 qui
2050 1229 2118 1273 se
2154 1206 2394 1272 Latina
2423 1232 2485 1271 ιο

378 1295 621 1378 scripta
675 1294 897 1360 dicunt
950 1297 1379 1360 contemnere.
1483 1293 1564 1360 In
1628 1295 1859 1378 quibus
1921 1294 2047 1360 hoc
2108 1296 2393 1379 primum
2604 1299 2605 1306 ’

377 1386 477 1447 est
549 1384 618 1447 in
680 1404 807 1467 quo
864 1382 1168 1467 admirer,
1232 1404 1346 1447 cur
1400 1383 1470 1447 in
1531 1383 1936 1469 gravissimis
2002 1383 2196 1448 rebus
2255 1406 2394 1449 non

376 1471 652 1536 delectet
705 1492 816 1536 eos
872 1492 1082 1536 sermo
1137 1471 1415 1555 patriae,
1478 1493 1623 1535 eum
1684 1470 1882 1536 iidem
1944 1471 2217 1536 fabellas
2271 1471 2392 1538 La-

374 1560 547 1625 tinas
586 1559 670 1624 ad
704 1559 975 1624 verbum
1010 1581 1047 1624 e
1076 1557 1340 1624 Graecis
1378 1580 1715 1643 expressas
1750 1582 1884 1630 non
1919 1558 2112 1624 inviti
2147 1559 2392 1644 legant.

376 1646 534 1723 Quis
588 1648 758 1712 enim
809 1651 949 1713 tam
1001 1647 1299 1712 inimicus
1358 1668 1564 1731 paene
1615 1648 1864 1712 nomini
1916 1647 2210 1712 Romano
2273 1651 2391 1732 est,
2419 1671 2482 1712 15

375 1737 486 1820 qui
528 1736 728 1801 Ennii
770 1735 1066 1801 Medeam
1112 1739 1227 1800 aut
1269 1734 1624 1819 Antiopam
1658 1733 1924 1800 Pacuvii
1970 1738 2234 1819 spernat
2277 1741 2393 1800 aut

372 1823 625 1908 reiciat,
698 1823 870 1908 quod
945 1844 1016 1889 se
1085 1822 1318 1888 iisdem
1378 1822 1706 1907 Euripidis
1767 1822 2012 1888 fabulis
2085 1821 2394 1888 delectari

374 1910 573 1994 dicat,
626 1909 896 1976 Latinas
951 1911 1205 1981 litteras
1260 1909 1509 1975 oderit?
1609 1909 2034 1994 Synephebos
2093 1932 2243 1997 ego,
2294 1912 2390 1976 in-

376 1999 533 2082 quit,
577 1999 795 2081 potius
824 1997 1088 2064 Caecilii
1126 2001 1239 2062 aut
1264 1998 1582 2062 Andriam
1609 1998 1897 2063 Terentii
1925 2020 2121 2082 quam
2148 2003 2388 2064 utram·

302 2103 336 2152 5
375 2107 497 2169 que
533 2084 875 2150 Menandri
909 2084 1169 2170 legam?
1248 2085 1310 2149 A
1357 2086 1590 2170 quibus
1627 2089 1883 2172 tantum
1923 2087 2252 2170 dissentio,
2297 2093 2390 2171 ut,
2417 2110 2478 2149 20

374 2193 521 2238 cum
566 2171 917 2256 Sophocles
962 2174 1066 2238 vel
1114 2173 1360 2256 optime
1397 2175 1730 2258 scripserit
1772 2173 2124 2259 Electram,
2167 2179 2391 2240 tamen

372 2260 544 2325 male
589 2282 965 2326 conversam
1010 2261 1201 2324 Atilii
1244 2261 1408 2325 mihi
1451 2261 1790 2346 legendam
1831 2265 2082 2347 putem,
2138 2262 2216 2328 de
2261 2285 2390 2347 quo

371 2348 663 2415 Licinus:
744 2346 1138 2414 ‘Ferreum
1211 2348 1712 2432 scriptorem'l
1808 2371 2061 2433 verum,
2144 2352 2390 2435 opinor,

374 2437 753 2520 scriptorem
796 2441 1044 2520 tamen,
1088 2440 1164 2500 ut
1205 2436 1514 2521 legendus
1559 2438 1664 2502 sit.
1734 2437 1986 2502 Rudem
2031 2438 2205 2502 enim
2250 2460 2390 2532 espe
2471 2471 2479 2478 -

374 2526 633 2590 omnino
686 2525 759 2590 in
826 2526 1069 2591 nostris
1123 2526 1337 2608 poetis
1401 2527 1514 2590 aut
1575 2525 2010 2590 inertissimae
2073 2527 2390 2610 segnitiae
2415 2549 2475 2590 25

373 2617 475 2678 est
520 2617 634 2678 aut
676 2613 929 2679 fastidii
974 2613 1436 2679 delicatissimi.
1507 2612 1676 2678 Mihi
1721 2613 1978 2697 quidem
2017 2614 2182 2678 nulli
2227 2615 2390 2680 satis

374 2701 611 2765 eruditi
655 2702 978 2785 videntur,
1024 2701 1257 2786 quibus
1301 2705 1532 2766 nostra
1574 2701 1802 2786 ignota
1849 2704 2016 2766 sunt.
2105 2702 2214 2766 An

296 1175 340 1301 Ξ

504 2830 819 2896 Utinam
863 2853 953 2902 ne
999 2832 1079 2896 in
1120 2853 1428 2910 nemore
1458 2879 1651 2897 .....

371 2961 576 3026 nihilo
623 2962 837 3026 minus
882 2961 1159 3045 legimus
1205 2983 1401 3045 quam
1445 2963 1568 3028 hoc
1611 2963 1783 3029 idem
1829 2964 2172 3050 Graecum,
2224 2988 2389 3050 quae

373 3052 589 3113 autem
635 3049 713 3114 de
758 3049 923 3113 bene
970 3048 1281 3132 beateque
1325 3050 1600 3116 vivendo
1647 3074 1686 3117 a
1731 3050 2008 3119 Platone
2059 3055 2392 3138 disputata
2415 3076 2472 3116 so
2603 3057 2605 3062 ’

301 3157 333 3204 6
374 3141 551 3220 sunt,
604 3136 764 3202 haec
820 3135 1129 3220 explicari
1179 3158 1315 3200 non
1366 3137 1652 3221 placebit
1702 3139 1978 3206 Latine?
2083 3141 2275 3226 Quid,
2331 3145 2390 3208 si

368 3245 489 3288 nos
542 3245 673 3291 non
735 3224 1164 3309 interpretum
1217 3225 1549 3311 fungimur
1602 3249 1892 3312 munere,
1956 3228 2069 3294 sed
2130 3233 2390 3296 tuemur

372 3333 474 3390 ea,
539 3333 700 3396 quae
763 3310 938 3377 dicta
990 3316 1144 3378 sunt
1196 3313 1280 3377 ab
1335 3315 1446 3398 iis,
1510 3336 1670 3398 quos
1723 3317 2102 3401 probamus,
2169 3318 2389 3403 eisque

368 3403 664 3464 nostrum
718 3400 1026 3465 iudicium
1082 3404 1147 3464 et
1202 3405 1502 3467 nostrum
1557 3403 1878 3468 scribendi
1926 3405 2216 3470 ordinem
2277 3407 2388 3471 ad-

374 3487 736 3572 iungimus?
801 3488 956 3571 quid
1016 3487 1284 3573 habent,
1348 3510 1462 3554 cur
1523 3487 1770 3555 Graeca
1832 3495 2229 3576 anteponant
2286 3495 2388 3580 iis,
2413 3525 2469 3567 ³5
