2609 3884
429 188 554 252 166
750 187 848 241 DE
885 184 1175 241 FINIBUS
1209 183 1571 240 BONORUM
1604 182 1701 237 ΕΤ
1736 180 2102 238 MALORUM

423 350 596 414 inest
647 346 728 412 ad
779 346 1130 411 humanam
1185 345 1557 410 societatem
1609 342 1899 408 iustitiae
1953 342 2083 407 fida
2128 343 2439 427 custodia,

424 438 599 502 inest
649 436 718 500 in
770 434 1200 519 perpetiendis
1252 432 1587 498 laboribus
1643 431 2076 515 adeundisque
2132 430 2440 516 periculis

425 526 613 589 firma
659 526 726 589 et
770 523 1021 588 stabilis
1069 521 1311 587 doloris
1356 521 1713 605 mortisque
1750 520 2147 605 contemptio
2164 556 2255 567 -—
2278 539 2439 603 ¹ergo

424 613 582 677 haec
625 612 699 676 in
743 610 1009 695 animis,
1051 614 1124 674 tu
1171 612 1387 674 autem
1433 609 1630 674 etiam
1674 609 1966 674 membra
2008 610 2155 692 ipsa
2192 630 2441 673 sensus-

427 722 548 785 que
602 698 963 783 considera,
1018 698 1128 783 qui
1180 697 1331 781 tibi,
1385 700 1461 761 ut
1520 697 1803 782 reliquae
1859 698 2149 781 corporis
2202 701 2442 781 partes,
2468 722 2496 763 5

425 809 559 854 non
603 788 871 853 comites
919 788 1131 852 solum
1175 786 1515 871 virtutum,
1561 785 1674 849 sed
1719 785 1998 850 ministri
2034 786 2230 850 etiam
2272 786 2442 850 vide-

325 887 428 936 114
472 877 730 941 buntur.
847 874 1092 952 Quodsi
1160 874 1230 939 in
1297 874 1441 957 ipso
1506 895 1774 957 corpore
1841 874 2048 938 multa
2116 873 2446 958 voluptati

426 963 877 1048 praeponenda
911 965 1077 1039 sunt,
1112 966 1187 1026 ut
1220 961 1407 1045 vires,
1442 962 1764 1045 valetudo,
1799 961 2127 1045 velocitaS,
2160 961 2445 1044 pulchri-

425 1052 609 1135 tudo,
690 1050 845 1135 quid
913 1050 1178 1115 tandem
1261 1049 1334 1113 in
1404 1049 1638 1113 animis
1714 1049 1977 1113 censes?
2066 1049 2135 1113 in
2210 1049 2443 1133 quibus

429 1138 786 1204 doctissimi
839 1138 938 1202 illi
989 1141 1238 1202 veteres
1290 1137 1504 1201 inesse
1559 1136 1865 1220 quiddam
1909 1137 2181 1201 caeleste
2238 1139 2305 1200 et
2350 1136 2443 1200 di·
2473 1163 2531 1201 ιο

426 1227 646 1291 vinum
681 1227 1088 1308 putaverunt.
1152 1222 1398 1301 Quodsi
1434 1228 1608 1289 esset
1641 1223 1712 1287 in
1746 1224 2083 1307 voluptate
2120 1246 2445 1289 summum
2593 1224 2595 1227 ’

427 1314 699 1396 bonum,
742 1316 818 1377 ut
862 1312 1101 1395 dicitis,
1147 1311 1435 1395 optabile
1482 1314 1652 1376 esset
1684 1312 1969 1376 maxima
2002 1312 2072 1376 in
2108 1313 2447 1395 voluptate

429 1401 609 1466 nullo
645 1400 988 1465 intervallo
1033 1400 1375 1465 interiecto
1423 1399 1558 1463 dies
1602 1402 1953 1483 noctesque
1993 1401 2252 1483 versari,
2299 1421 2449 1464 cum

430 1510 651 1553 omnes
689 1510 910 1553 sensus
949 1488 1278 1552 dulcedine
1316 1487 1493 1551 omni
1528 1486 1713 1570 quasi
1749 1486 1993 1570 perfusi
2017 1491 2450 1552 moverentur.
2593 1548 2595 1563 ,

430 1576 586 1651 Quis
651 1579 753 1641 est
815 1578 1031 1640 autem
1095 1575 1329 1659 dignus
1391 1576 1653 1639 nomine
1706 1574 2017 1658 hominis,
2074 1575 2185 1658 qui
2242 1596 2448 1639 unum
2480 1601 2536 1642 15
2593 1572 2596 1665 ξ

429 1664 598 1728 diem
670 1667 882 1728 totum
953 1663 1115 1727 velit
1185 1684 1324 1727 esse
1393 1662 1463 1726 in
1544 1682 1772 1746 genere
1844 1662 1971 1747 isto
2044 1662 2447 1746 voluptatis?
2593 1666 2596 1671 ‘

429 1748 766 1835 Cyrenaici
836 1750 1093 1834 quidem
1162 1771 1296 1813 non
1374 1752 1696 1832 recusant3
1765 1750 1966 1814 vestri
2033 1750 2195 1815 haec
2264 1771 2447 1816 vere-

326 1849 426 1897 115
473 1839 768 1921 cundius,
836 1838 939 1901 illi
1013 1838 1289 1903 fortasse
1364 1836 1778 1902 constantius.
1896 1835 2021 1901 sed
2095 1838 2445 1904 lustremus

310 3386 415 3515 {⁹²15ss

428 1926 644 1991 animo
695 1946 828 1990 non
870 1925 990 1989 has
1037 1924 1355 1988 maximas
1415 1924 1604 2007 artiS,
1665 1924 1896 2008 quibus
1952 1924 2062 2009 qui
2119 1926 2448 2011 carebant,

425 2014 664 2077 inertes
722 2035 761 2077 a
815 2012 1166 2076 maioribus
1220 2010 1747 2096 nominabantur,
1804 2012 1916 2076 sed
1961 2033 2224 2097 quaero,
2283 2036 2445 2079 num
2476 2042 2531 2082 2ss
2592 2022 2594 2031 ²

427 2100 781 2183 existimes,
834 2121 965 2163 non
1007 2099 1162 2165 dico
1216 2098 1597 2183 Homerum,
1659 2098 2149 2183 Archilochum,
2208 2100 2445 2166 Pinda-

426 2209 596 2269 rum,
641 2187 753 2251 sed
797 2186 1099 2269 Phidian,
1142 2186 1557 2270 Polyclitum,
1601 2186 1867 2251 Zeuxim
1914 2188 1995 2251 ad
2037 2190 2447 2272 voluptatem

429 2277 599 2339 artes
647 2294 797 2337 suas
844 2274 1183 2337 derexisse.
1280 2274 1459 2359 Ergo
1508 2274 1722 2357 opifex
1764 2275 1912 2358 plus
1958 2275 2082 2340 sibi
2124 2282 2448 2360 proponet

426 2362 506 2426 ad
557 2363 913 2427 formarum
968 2383 1161 2444 quam
1216 2360 1375 2426 civis
1436 2363 1749 2426 excellens
1797 2362 1877 2426 ad
1934 2362 2255 2428 factorum
2299 2365 2442 2448 pul-

426 2449 894 2514 chritudinem?
969 2448 1146 2525 Quae
1173 2453 1391 2513 autem
1426 2453 1528 2514 est
1564 2449 1693 2514 alia
1736 2471 1931 2514 causa
1974 2450 2210 2516 erroris
2251 2454 2441 2537 tanti,
2476 2480 2533 2520 25

422 2541 560 2602 tam
614 2538 809 2622 longe
861 2539 1116 2621 lateque
1172 2537 1415 2621 diffusi,
1477 2537 1605 2601 nisi
1670 2537 1839 2621 quod
1894 2537 1980 2622 is,
2044 2539 2155 2622 qui
2216 2540 2439 2625 volup-

422 2629 624 2689 tatem
690 2647 1012 2690 summum
1073 2625 1315 2689 bonum
1380 2646 1519 2690 esse
1584 2624 1898 2709 decernit,
1958 2646 2090 2692 non
2154 2648 2299 2691 cum
2364 2650 2443 2693 ea

422 2716 604 2795 parte
651 2713 878 2796 animi,
929 2714 1002 2777 in
1054 2735 1182 2796 qua
1235 2713 1409 2776 inest
1450 2712 1617 2777 ratio
1665 2715 1856 2796 atque
1900 2714 2272 2799 consilium,
2329 2715 2441 2779 sed

423 2820 567 2863 cum
633 2800 1008 2883 cupiditate,
1069 2800 1137 2864 id
1201 2804 1300 2865 est
1362 2821 1508 2865 cum
1574 2800 1774 2864 animi
1845 2800 2174 2865 levissima
2235 2806 2441 2887 parte,

423 2886 776 2950 deliberat?
884 2886 1131 2963 Quaero
1195 2888 1368 2951 enim
1429 2887 1508 2951 de
1568 2891 1661 2971 te,
1715 2887 1773 2952 si
1829 2891 1981 2953 sunt
2046 2889 2137 2973 di,
2194 2894 2269 2954 ut
2321 2912 2437 2957 vos
2472 2918 2529 2959 30

423 2972 620 3036 etiam
663 2974 910 3056 putatis
921 3023 937 3056 ,
985 2974 1094 3058 qui
1137 2976 1395 3058 possint
1440 2996 1581 3039 esse
1625 2974 1831 3059 beati,
1877 2997 2021 3040 cum
2068 2977 2439 3061 voluptates

422 3081 688 3143 corpore
734 3062 1063 3146 percipere
1106 3083 1240 3126 non
1283 3063 1561 3147 possint,
1607 3067 1744 3147 aut,
1797 3064 1853 3129 si
1900 3064 2036 3128 sine
2083 3086 2159 3129 eo
2205 3064 2442 3150 gene're

420 3148 776 3231 voluptatis
849 3147 1025 3213 beati
1097 3149 1256 3233 sint,
1330 3172 1442 3215 cur
1505 3151 1783 3216 similem
1848 3152 2047 3217 animi
2108 3175 2298 3217 usum
2370 3156 2444 3221 in

422 3235 711 3319 sapiente
756 3257 897 3300 esse
941 3237 1179 3303 nolitis.

549 3408 720 3495 Lege
766 3411 1194 3497 laudationes,
1253 3413 1604 3499 Torquate,
1646 3436 1780 3480 non
1825 3436 2070 3497 eorum,
2123 3416 2235 3499 qui
2282 3422 2438 3482 sunt
2466 3444 2523 3484 85

418 3497 499 3561 ab
564 3497 848 3564 Homero
919 3500 1191 3576 laudati,
1267 3522 1399 3565 non
1463 3499 1646 3585 Cyri,
1716 3523 1848 3567 non
1908 3502 2227 3587 Agesilai,
2300 3527 2439 3570 non
