2609 3884
303 1133 374 1182 6⁶1

308 2231 398 2357 ἓξ

401 157 544 224 304
798 153 1396 210 TUSCULANARUM
1428 151 2037 209 DISPUTATIONUM

406 321 491 385 ad
536 318 864 384 hominem
899 316 1120 382 venire
1164 316 1425 400 possint
1456 315 1585 382 nisi
1623 337 1664 380 a
1707 314 1845 380 deo.
1918 311 2281 399 Singularis
2332 316 2434 379 est

405 409 607 494 igitur
660 406 977 491 quaedam
1030 407 1266 470 natura
1321 408 1513 488 atque
1568 403 1666 468 vis
1728 402 1926 467 animi
1990 403 2282 468 seiuncta
2346 401 2429 467 ab

407 495 512 561 his
557 493 820 560 usitatis
865 492 1168 577 notisque
1211 493 1485 558 naturis.
1571 490 1705 576 Ita,
1756 489 2059 576 quicquid
2104 493 2206 555 est
2250 489 2434 573 illud,

409 583 582 668 quod
655 583 880 666 sentit,
952 580 1124 665 quod
1196 580 1405 664 sapit,
1476 579 1648 664 quod
1718 579 1918 663 vivit,
1990 577 2162 662 quod
2233 577 2433 663 viget,

407 671 686 738 caeleste
753 674 821 735 et
891 668 1178 735 divinum
1252 668 1337 733 ob
1402 688 1669 751 eamque
1731 688 1869 732 rem
1944 669 2283 731 aeternum
2347 665 2435 730 sit
2456 686 2481 728 ⁶

407 780 669 825 necesse
723 761 841 824 est⁴
936 757 1002 822 N
1004 777 1076 822 ec
1130 777 1284 821 vero
1342 755 1499 820 deus
1552 755 1718 839 ipse,
1772 754 1885 838 qui
1942 752 2351 842 intellegitur
2395 776 2433 818 a

407 847 624 931 nobis,
689 845 820 912 alio
885 844 1079 909 modo
1143 843 1442 929 intellegi
1506 846 1728 926 potest
1785 842 1915 907 nisi
1975 863 2159 906 mens
2219 841 2435 907 soluta

410 935 729 1020 quaedam
791 935 858 998 et
918 933 1150 1016 libera,
1222 935 1566 1017 segregata
1628 930 1708 997 ab
1774 930 1953 995 omni
2024 929 2435 996 concretione

410 1022 699 1106 mortali,
754 1021 974 1087 omnia
1028 1019 1313 1085 sentiens
1368 1023 1437 1085 et
1486 1040 1751 1085 movens
1809 1018 2078 1103 ipsaque
2135 1016 2437 1102 praedita

411 1113 596 1177 motu
659 1105 1096 1193 sempiterno?
1202 1106 1350 1173 Hoc
1418 1128 1455 1172 e
1527 1127 1761 1191 genere
1834 1109 2027 1191 atque
2100 1106 2329 1171 eadem
2401 1126 2437 1169 e
2462 1127 2508 1167 ιο

411 1202 646 1264 natura
697 1200 800 1262 est
849 1196 1132 1261 humana
1188 1217 1389 1262 mens.
1444 1229 1530 1244 -
1584 1194 1717 1261 Ubi
1780 1193 1983 1281 igitur
2044 1197 2160 1259 aut
2221 1193 2437 1277 qualis

413 1289 517 1350 est
585 1285 716 1350 ista
786 1283 1021 1349 mens?
1095 1319 1174 1330 —
1254 1283 1388 1349 Ubi
1458 1286 1576 1348 tua
1647 1285 1761 1347 aut
1832 1282 2093 1368 qualis?
2163 1285 2436 1366 potesne

413 1373 670 1438 dicere?
725 1395 836 1452 an,
901 1372 958 1437 si
1022 1372 1240 1437 omnia
1301 1372 1385 1436 ad
1447 1370 1951 1456 intellegendum
2010 1391 2144 1436 non
2203 1368 2437 1454 habe0,

413 1483 579 1546 quae
622 1460 865 1526 habere
898 1461 1159 1545 vellem,
1202 1481 1286 1524 ne
1330 1460 1411 1524 iis
1455 1458 1740 1543 quidem,
1785 1479 1949 1543 quae
1982 1457 2225 1542 habeo,
2270 1457 2437 1522 mihi

411 1571 527 1636 per
570 1553 637 1615 te
689 1549 790 1615 uti
841 1547 1107 1613 licebit?
1153 1583 1238 1596 —
1283 1546 1437 1613 Non
1490 1547 1669 1612 valet
1714 1549 1977 1611 tantum
2023 1546 2304 1631 animus,
2362 1549 2439 1610 ut
2464 1567 2508 1607 ιε

412 1660 483 1704 se
535 1638 675 1722 ipse
728 1635 965 1702 videat.
1022 1672 1101 1683 —
1158 1634 1253 1700 At
1305 1638 1382 1699 ut
1435 1635 1685 1720 oculus,
1740 1635 1835 1700 sic
1886 1634 2140 1700 animus
2186 1655 2257 1700 se
2302 1655 2438 1699 non

411 1726 639 1792 videns
695 1725 827 1790 alia
879 1724 1102 1790 cernit.
1161 1761 1239 1772 —
1296 1723 1452 1788 Non
1502 1723 1681 1788 videt
1726 1727 1969 1807 autem,
2026 1721 2200 1806 quod
2243 1721 2436 1787 mini·

414 1836 594 1879 mum
649 1817 776 1898 est,
828 1812 1108 1878 formam
1163 1833 1365 1876 suam.
1418 1846 1504 1858 -—
1562 1810 1969 1895 Quamquam
2026 1809 2305 1877 fortasse
2368 1809 2438 1874 id

413 1923 695 1986 quoque3
742 1900 855 1966 sed
890 1899 1364 1984 relinquamus3
1408 1899 1542 1964 vim
1578 1903 1777 1983 certe,
1824 1897 2268 1984 sagacitatem,
2302 1919 2435 1964 me·

414 1991 692 2054 moriam
705 2037 724 2072 ,
795 1991 1076 2072 motum,
1149 1987 1541 2052 celeritatem
1614 1987 1805 2053 videt.
1924 1985 2105 2052 Haec
2176 2005 2436 2072 magna,
2462 2009 2511 2048 20

414 2077 576 2142 haec
620 2077 864 2159 divina,
909 2074 1069 2141 haec
1106 2075 1502 2159 sempiterna
1538 2077 1707 2141 sunt.
1780 2075 1923 2152 Qua
1963 2074 2129 2140 facie
2174 2074 2438 2159 quidem

418 2165 509 2229 sit
553 2167 666 2228 aut
706 2163 822 2228 ubi
864 2163 1149 2247 habitet,
1192 2184 1274 2228 ne
1321 2163 1751 2247 quaerendum
1794 2163 2053 2247 quidem
2098 2165 2219 2228 est.

548 2250 642 2318 Ut
711 2272 856 2316 cum
922 2249 1214 2315 videmus
1278 2251 1560 2336 speciem
1621 2251 1901 2336 primum
1965 2251 2439 2335 candoremque

416 2340 605 2424 caeli,
664 2339 812 2404 dein
858 2338 1298 2404 conversionis
1346 2338 1743 2404 celeritatem
1786 2341 2067 2423 tantam,
2122 2341 2439 2423 quantam

415 2428 706 2514 cogitare
748 2449 882 2492 non
925 2447 1298 2512 possumne,
1356 2431 1497 2492 tum
1541 2426 2015 2492 vicissitudines
2066 2425 2317 2491 dierum
2360 2448 2439 2492 ac
2466 2448 2515 2488 2⁵

413 2517 705 2582 noctium
759 2515 1422 2600 commutationesque
1487 2518 1849 2600 temporum
1917 2513 2439 2599 quadrupertitas

417 2605 500 2670 ad
534 2604 980 2670 maturitatem
1015 2603 1277 2688 frugum
1316 2608 1382 2669 et
1417 2602 1501 2668 ad
1535 2604 2069 2687 temperationem
2096 2624 2442 2686 corporum

415 2697 606 2845 {aptas
646 2714 993 2777 eorumque
1016 2693 1337 2848 ἕωὶωῐὶ
1358 2691 1830 2844 ωὲᾱθζαὺοέοιῃ
1867 2694 1939 2843 eli
1971 2690 2195 2793 ducem
2234 2691 2441 2793 solem

444 2801 642 2845 unam
684 2803 766 2845 ue
835 2801 1016 2846 accre
1072 2801 1194 2845 one
1266 2801 1301 2844 e
1450 2801 1663 2844 emmu
1720 2800 1843 2844 one
1941 2799 2179 2844 ummis
2294 2801 2443 2844 uas1

413 2802 734 2933 fastorlffm
818 2871 1152 2933 notantem
1225 2872 1291 2933 et
1362 2867 1834 2952 significantem
1913 2866 2051 2931 dies
2064 2916 2083 2951 ,
2154 2799 2295 2931 tun‘}
2368 2867 2443 2932 in
2468 2888 2523 2930 ao

417 2954 640 3018 eodem
707 2955 862 3019 orbe
923 2956 994 3019 in
1057 2955 1392 3020 duodecim
1451 2959 1673 3038 partes
1736 2954 2085 3022 distributo
2158 2954 2442 3039 quinque

415 3041 640 3107 stellas
693 3042 849 3106 ferri
921 3042 1178 3108 eosdem
1243 3063 1468 3108 cursus
1531 3043 2055 3108 constantissime
2118 3042 2443 3108 servantis

417 3128 782 3212 disparibus
836 3129 1005 3194 inter
1060 3151 1130 3194 se
1185 3131 1471 3196 motibus
1526 3135 2034 3215 nocturnamque
2089 3129 2251 3195 caeli
2308 3130 2441 3195 for-

417 3238 592 3282 mam
646 3216 927 3300 undique
986 3216 1299 3282 sideribus
1347 3222 1668 3303 ornatam,
1727 3222 1869 3283 tum
1914 3219 2179 3303 globum
2223 3221 2441 3283 terrae

417 3305 808 3370 eminentem
868 3326 903 3369 e
960 3305 1153 3390 mari,
1211 3306 1412 3371 fixum
1468 3307 1539 3370 in
1594 3306 1808 3371 medio
1871 3306 2096 3371 mundi
2152 3305 2443 3371 universi
2468 3329 2517 3370 ιε,

415 3391 590 3476 loco,
643 3391 891 3457 duabus
948 3393 1079 3459 oris
1134 3392 1527 3459 distantibus
1579 3393 2007 3460 habitabilem
2063 3398 2131 3459 et
2175 3393 2445 3479 cultum,

417 3500 690 3564 quarum
736 3480 964 3564 altera,
1010 3502 1203 3565 quam
1249 3502 1369 3546 nos
1415 3481 1787 3563 incolimus,
