2609 3884
652 154 787 209 LIB.
824 154 894 210 Π.
951 153 1106 210 cAP.
1144 160 1389 209 21-23,
1454 159 1484 220 ς
1522 160 1749 211 50—66
2088 155 2217 221 349

195 316 584 402 fluimusque
638 315 944 400 mollitia,
999 316 1140 401 apis
1195 316 1490 382 aculeum
1535 316 1672 381 sine
1717 317 1995 382 clamore
2051 315 2219 382 ferre

195 429 331 472 non
384 426 749 489 possumus.
863 404 957 468 At
1009 425 1162 469 vero
1218 400 1290 469 G.
1343 403 1621 488 Marius,
1682 405 2047 470 rusticanus
2102 406 2221 490 vir,
2258 425 2324 476 53

199 494 312 560 sed
357 494 554 577 plane
599 493 726 577 vir,
771 513 917 557 cum
954 494 1306 576 secaretur,
1352 494 1427 557 ut
1463 514 1659 575 supra
1694 493 1856 576 dixi,
1900 493 2219 576 principio

199 582 410 646 vetuit
466 602 536 646 se
587 580 873 666 alligari,
916 602 1035 645 nec
1081 581 1425 665 quisquam
1463 583 1613 645 ante
1653 579 1933 646 Marium
1971 581 2220 646 solutus

145 695 174 737 ο
201 669 438 735 dicitur
503 690 641 734 esse
695 671 929 734 sectus·
1027 666 1158 734 Cur
1221 689 1378 753 ergo
1441 671 1668 752 postea
1731 668 1886 734 alii?
1992 667 2223 734 Valuit

203 757 576 823 auctoritas
648 755 929 822 Videsne
965 755 1170 841 igitur
1206 756 1532 840 opinionis
1568 778 1737 842 esse,
1779 777 1912 822 non
1946 761 2221 822 naturae

201 838 493 910 malum?
565 844 656 910 Et
689 847 911 909 tamen
945 843 1148 910 fuisse
1186 865 1400 910 acrem
1436 866 1726 910 morsum
1762 844 2003 910 doloris
2047 844 2220 910 idem

200 933 448 998 Marius
497 932 809 1016 ostendit3
855 953 1000 998 crus
1038 931 1210 998 enim
1248 933 1527 999 alterum
1561 955 1694 998 non
1729 933 2045 1018 praebuit.
2116 933 2221 998 Ita

202 1025 268 1086 et
328 1021 487 1086 tulit
549 1020 839 1086 dolorem
900 1023 975 1085 ut
1026 1020 1127 1086 vir
1181 1024 1247 1086 et
1301 1025 1379 1086 ut
1431 1020 1628 1087 homo
1685 1021 1996 1087 maiorem
2053 1021 2220 1086 ferre

123 1137 177 1176 ιο
203 1110 342 1174 sine
387 1130 583 1175 causa
626 1109 997 1174 necessaria
1038 1109 1267 1174 noluit.
1338 1107 1575 1174 Totum
1620 1110 1824 1195 igitur
1867 1110 1936 1174 in
1982 1131 2057 1174 eo
2104 1113 2221 1192 est,

200 1201 275 1263 ut
317 1196 445 1260 tibi
479 1197 776 1281 imperes.
849 1195 1118 1261 Ostendi
1156 1200 1400 1282 autem,
1444 1196 1617 1280 quod
1654 1201 1826 1263 esset
1860 1197 2222 1281 imperandi

201 1305 432 1370 genus3
480 1287 672 1369 atque
716 1283 878 1349 haec
924 1285 1264 1370 cogitatio,
1310 1284 1463 1369 quid
1499 1285 1846 1368 patientia,
1894 1285 2049 1370 quid
2090 1287 2222 1352 for-

199 1372 504 1457 titudine,
541 1371 695 1456 quid
732 1371 1174 1458 magnitudine
1211 1372 1413 1437 animi
1450 1371 1901 1457 dignissimum
1939 1373 2043 1456 sit,
2087 1395 2223 1439 non

201 1460 412 1526 solum
469 1460 754 1526 animum
809 1460 1205 1544 comprimit,
1259 1459 1374 1525 sed
1425 1460 1639 1544 ipsum
1687 1461 1885 1525 etiam
1935 1459 2220 1526 dolorem

123 1573 173 1614 15
198 1548 421 1614 nescio
467 1569 594 1633 quo
642 1551 833 1632 pacto
879 1548 1204 1613 mitiorem
1246 1546 1422 1612 facit.
2241 1597 2329 1661 23

332 1634 430 1701 Ut
474 1636 650 1701 enim
692 1636 772 1700 fit
814 1636 882 1700 in
923 1636 1201 1720 proelio,
1254 1639 1331 1700 ut
1373 1635 1648 1720 ignavus
1692 1636 1880 1700 miles
1928 1657 2003 1701 ac
2052 1636 2223 1701 timi-
2259 1674 2329 1724 64

199 1725 350 1808 dus,
415 1723 609 1788 simul
673 1744 748 1788 ac
800 1723 1035 1789 viderit
1087 1722 1373 1808 hostem,
1428 1723 1681 1789 abiecto
1747 1726 1931 1789 scuto
1995 1723 2223 1809 fugiat,

26 1877 28 1944 l
198 1812 930 1966 qldfflusstiffissiktew
941 1832 1551 1965 Oeaffiqugrgauggffi
1595 1814 2223 1985 {ireatuimgteligllilss

122 2014 172 2055 ιο
197 1922 367 2053 iiihil
411 1987 544 2052 tale
589 1918 1065 2072 eveneriigrsic,
1111 1921 1223 2072 gii
1267 1949 1507 2052 doloris
1556 1921 1835 2071 specieiln
1876 1986 2046 2053 ferre
2090 2009 2225 2054 non

199 2078 506 2161 possunt,
558 2074 846 2140 abiciunt
899 2096 968 2140 se
1023 2077 1216 2158 atque
1279 2075 1376 2139 ita
1438 2075 1682 2140 adflicti
1744 2079 1811 2141 et
1875 2075 2225 2140 exanimati

199 2165 444 2247 iacent3
508 2163 618 2246 qui
681 2166 898 2228 autem
959 2163 1368 2246 restiterunt,
1440 2162 1775 2228 discedunt
1846 2165 2224 2248 saepissime

201 2251 586 2336 superiores·
685 2247 851 2333 Sunt
903 2250 1075 2315 enim
1131 2251 1447 2335 quaedam
1502 2251 1701 2316 animi
1762 2251 2224 2318 similitudines

202 2361 352 2404 cum
397 2359 683 2423 corpore.
769 2337 867 2404 Ut
919 2360 1114 2404 onera
1160 2339 1482 2404 contentis
1543 2339 1923 2424 corporibus
1968 2339 2223 2406 facilius

125 2453 176 2493 25
202 2428 526 2508 feruntur,
597 2426 890 2492 remissis
955 2426 1355 2511 opprimunt,
1419 2427 1749 2492 simillime
1814 2427 2068 2492 animus
2130 2428 2225 2493 in-

201 2515 494 2581 tentione
550 2535 669 2579 sua
723 2514 990 2598 depellit
1041 2536 1335 2598 pressum
1382 2537 1639 2580 omnem
1687 2514 2075 2599 ponderum,
2132 2536 2227 2579 re-

203 2603 515 2669 missione
569 2605 786 2668 autem
841 2603 934 2668 sic
987 2605 1281 2688 urgetur,
1333 2607 1408 2667 ut
1466 2624 1535 2668 se
1578 2606 1860 2687 nequeat
1905 2602 2227 2667 extollere.

202 2690 319 2776 Et,
393 2690 450 2755 si
522 2710 747 2756 verum
819 2690 1213 2775 quaerimus,
1283 2691 1353 2755 in
1425 2691 1724 2756 omnibus
1789 2689 2021 2755 officiis
2084 2712 2223 2774 per·
2263 2702 2331 2752 66

206 2777 550 2863 sequendis
599 2779 797 2844 animi
842 2782 944 2844 est
989 2778 1353 2844 adhibenda
1398 2779 1758 2864 contenti03
1814 2799 1892 2844 ea
1940 2781 2042 2844 est
2086 2779 2228 2844 sola

129 2890 179 2931 so
203 2865 407 2933 officii
468 2869 804 2951 tamquam
866 2867 1176 2932 custodia.
1201 2864 1411 2966 fied
1472 2866 1597 2932 hoc
1649 2866 1820 2931 idem
1872 2866 1945 2930 in
2006 2865 2229 2932 dolore

203 2974 507 3020 maxume
562 2958 663 3018 est
715 2954 1206 3038 providendum,
1260 2976 1343 3019 ne
1399 2953 1553 3038 quid
1608 2955 1884 3039 abiecte,
1936 2976 2019 3019 ne
2074 2955 2228 3039 quid

204 3041 460 3126 timide,
512 3063 594 3105 ne
648 3041 804 3126 quid
855 3043 1120 3126 ignave,
1173 3063 1255 3108 ne
1312 3041 1465 3126 quid
1521 3042 1843 3108 serviliter
1899 3042 2227 3108 muliebri-

205 3132 385 3214 terve
447 3129 786 3214 faciamus,
849 3130 918 3195 in
979 3130 1332 3214 primisque
1393 3128 1713 3195 refutetur
1784 3151 1859 3195 ac
1921 3130 2230 3196 reiciatur

204 3213 646 3284 Philocteteus
690 3218 804 3283 ille
849 3218 1114 3284 clamor.
1201 3217 1643 3303 Ingemescere
1697 3239 1831 3282 non
1873 3240 2227 3302 numquam

130 3328 182 3370 ιε
206 3306 347 3372 viro
405 3326 779 3371 concessum
833 3308 956 3385 est,
1009 3305 1201 3389 idque
1253 3327 1431 3388 raro,
1494 3305 1771 3370 eiulatus
1827 3326 1909 3370 ne
1972 3306 2228 3370 mulieri

208 3393 487 3478 quidem.
584 3391 676 3458 Et
727 3394 836 3459 hic
879 3393 1185 3459 nimirum
1239 3398 1341 3460 est
1383 3393 1602 3477 fletuS,
1657 3413 1847 3479 quem
1894 3392 2227 3458 duodecim

205 3481 472 3558 tabulae
533 3480 605 3546 in
664 3480 998 3547 funeribus
1054 3480 1348 3546 adhiberi
1409 3483 1769 3546 vetuerunt.
1875 3479 2012 3546 Nec
2072 3500 2223 3544 vero
2263 3490 2328 3538 56
