2609 3884
722 137 858 192 ΠΒ.
896 139 962 193 V.
1020 137 1173 192 CAP.
1212 144 1358 193 33—
1371 144 1454 194 35.
1506 113 1721 205 §es-
1738 145 1854 193 101.
2165 139 2296 204 459

283 299 681 382 parsimonia
744 299 1169 385 delectantur,
1237 303 1312 365 ut
1374 299 1451 366 de
1513 299 2035 364 Lacedaemoniis
2099 301 2296 403 paulo

287 391 438 452 ante
484 387 777 452 diximus.
847 386 1190 452 Persarum
1235 409 1275 452 a
1309 386 1765 489 Xenophonte
1780 389 1990 453 victus
2038 389 2296 472 exponi-

284 479 416 559 tur,
464 497 624 560 quos
662 479 867 560 negat
911 474 991 540 ad
1035 497 1268 559 panem
1306 475 1610 540 adhibere
1658 475 1999 560 quicquam
2043 479 2299 578 praeter

286 563 703 628 nasturcium.
803 563 1233 647 Quamquam,
1279 564 1337 628 si
1353 562 1696 648 'quaedam
1742 564 1938 629 etiam
1998 563 2298 629 suaviora

232 677 259 718 5
285 654 519 716 natura
571 651 913 734 desideret,
966 672 1159 735 quam
1214 652 1420 716 multa
1473 673 1549 716 ex
1604 655 1776 716 terra
1835 651 2296 736 arboribusque

286 739 642 824 gignuntur
686 760 829 804 cum
875 739 1064 822 copia
1107 739 1312 823 facili,
1365 743 1504 805 tum
1553 739 1869 804 suavitate
1913 740 2296 824 praestanti!

285 825 470 892 Adde
516 827 899 912 siccitatem,
954 848 1117 911 quae
1163 829 1580 913 consequitur
1623 827 1790 892 hanc
1836 827 2297 894 continentiam

284 915 355 980 in
405 915 607 1001 victu,
669 915 859 1000 adde=
891 915 1335 1000 integritatem
1399 915 1816 1000 valetudinis3
1876 915 2094 981 confer
2149 937 2254 980 su·
2301 928 2403 978 100

286 1003 530 1087 dantis,
599 1003 915 1068 ructantis
924 1053 943 1087 ,
1014 1003 1288 1070 refertos
1364 1005 1568 1088 epulis
1639 1007 1974 1089 tamquam
2043 1004 2296 1087 opimos

204 1120 257 1159 1ο
284 1092 513 1176 boves3
575 1095 717 1156 tum
776 1091 1147 1176 intelleges,
1223 1092 1333 1176 qui
1396 1093 1791 1176 voluptatem
1854 1091 2132 1156 maxime
2203 1113 2298 1156 se·

286 1183 588 1264 quantur,
633 1188 741 1243 eos
780 1178 1045 1243 minime
1088 1180 1415 1264 consequi,
1459 1180 2044 1265 iucunditatemque
2088 1179 2296 1244 victus

286 1287 428 1331 esse
473 1267 544 1330 in
587 1265 931 1349 desiderio,
974 1287 1107 1331 non
1151 1267 1222 1332 in
1266 1267 1584 1335 satietate.

417 1352 847 1435 Timotheum,
883 1353 1128 1418 clarum
1161 1353 1491 1419 hominem
1523 1355 1800 1419 Athenis
1839 1358 1905 1419 et
1939 1355 2296 1438 principem
2318 1353 2402 1417 35

286 1441 597 1521 civitatis,
644 1441 889 1524 ferunt,
939 1461 1083 1506 cum
1119 1441 1478 1508 cenavisset
1515 1442 1687 1526 apud
1722 1442 2060 1507 Platonem
2097 1463 2298 1526 eoque

209 1557 259 1596 15
288 1529 578 1595 convivio
642 1529 985 1593 admodum
1048 1529 1405 1595 delectatus
1470 1534 1641 1596 esset
1701 1528 2093 1614 vidissetque
2153 1551 2300 1594 eum

286 1617 628 1702 postridie,
699 1617 960 1682 dixisse:
1054 1615 1412 1682 ‘Vestrae
1487 1619 1786 1703 quidem
1859 1638 2087 1683 cenae
2149 1639 2301 1683 non

289 1707 533 1772 solum
604 1705 684 1770 in
752 1706 1223 1790 praesentia,
1296 1706 1428 1771 sed
1501 1707 1730 1772 etiam
1799 1707 2115 1790 postero
2179 1704 2300 1770 die

286 1792 661 1859 iucundae
706 1792 924 1859 sunt?
998 1791 1191 1877 Quid,
1236 1794 1408 1878 quod
1442 1817 1524 1860 ne
1561 1796 1775 1859 mente
1821 1793 2081 1878 quidem
2125 1796 2300 1858 recte

286 1881 385 1946 uti
444 1904 785 1966 possumus
839 1882 1044 1946 multo
1100 1881 1245 1948 cibo
1302 1886 1369 1948 et
1418 1883 1682 1967 potione
1743 1880 2088 1965 completi?
2175 1879 2303 1948 Est

209 1998 261 2037 20
287 1970 619 2054 praeclara
671 1969 951 2053 epistula
1003 1969 1296 2036 Platonis
1346 1970 1428 2034 ad
1470 1969 1702 2036 Dionis
1747 1969 2172 2057 propinquos,
2233 1969 2302 2034 in

289 2079 419 2143 qua
462 2057 774 2140 scriptum
821 2061 921 2121 est
962 2056 1066 2122 his
1116 2057 1250 2122 fere
1292 2058 1538 2124 verbis:
1603 2057 1792 2135 Quo
1841 2079 2003 2123 cum
2048 2057 2301 2122 venis-

290 2166 471 2228 sem,
513 2144 681 2209 vita
714 2144 856 2209 illa
891 2144 1141 2229 beata,
1188 2167 1380 2230 quae
1415 2146 1836 2230 ferebatur,
1863 2146 2108 2230 ‹plena
2140 2144 2302 2210 Ita-

286 2233 606 2298 licarum
697 2196 1427 2320 Syracusiarumque
1526 2256 1982 2318 mensarum,
2082 2234 2300 2300 nullo

289 2320 509 2386 modo
574 2320 761 2385 mihi
823 2321 1149 2404 placuit,
1209 2323 1329 2388 bis
1393 2324 1472 2388 in
1535 2323 1654 2389 die
1713 2324 2057 2388 saturum
2118 2321 2302 2387 fieri

210 2433 263 2476 25
286 2429 426 2473 nec
469 2428 819 2493 umquam
853 2413 1315 2492 pernoctare
1352 2412 1597 2476 solum
1635 2415 2067 2494 ceteraque,
2113 2429 2301 2492 quae

290 2497 761 2562 comitantur
821 2496 997 2561 huic
1058 2497 1289 2579 vitae,
1355 2497 1435 2562 in
1499 2520 1644 2582 qua
1706 2497 2020 2580 sapiens
2083 2517 2299 2598 nem-o

290 2582 690 2651 efficietur
743 2605 1115 2685 umquam,
1167 2581 1605 2650 moderatus
1650 2606 1825 2650 vero
1877 2584 2117 2649 multo
2163 2583 2300 2649 mi-

287 2693 447 2738 nus.
533 2670 739 2758 Quae
786 2673 985 2737 enim
1029 2675 1309 2737 natura
1353 2676 1505 2737 tam
1554 2671 2026 2738 mirabiliter
2073 2674 2404 2741 tem-101

288 2761 546 2845 pei-ari
591 2759 929 2844 potest‘?'
1020 2758 1161 2836 Quo
1207 2759 1398 2827 modo
1453 2761 1652 2846 igitur
1694 2758 1972 2825 iucunda
2015 2759 2150 2824 vita
2193 2781 2300 2844 po·

210 2875 263 2916 so
288 2852 424 2914 test
459 2869 627 2932 esse,
663 2870 703 2913 a
737 2869 866 2932 qua
904 2848 1078 2913 absit
1112 2849 1479 2931 prudentia,
1515 2849 1689 2914 absit
1722 2847 2128 2913 moderatio?
2199 2847 2302 2912 Ex

290 2959 417 3023 quo
482 2934 956 3020 Sardanapalli,
1024 2936 1500 3019 opulentissimi
1564 2934 1789 3020 Syriae
1852 2935 2051 3020 regis,
2125 2957 2302 3001 error

288 3025 729 3111 adgnoscitur‚
781 3025 894 3109 qui
938 3023 1137 3089 incidi
1180 3024 1372 3089 iussit
1415 3024 1484 3089 in
1527 3023 1746 3090 busto:

420 3198 629 3268 Haec
685 3200 955 3283 habeo,
1013 3221 1204 3285 quae
1260 3200 1406 3283 edi,
1461 3221 1800 3286 quaeque
1855 3201 2302 3352 elxgagurata

1910 3310 1934 3352 1
1997 3309 2021 3350 1
2084 3308 2122 3351 o

418 3375 728 3462 Hausit;
790 3380 870 3442 at
928 3376 1071 3442 illa
1132 3377 1392 3442 iacent
1454 3377 1697 3441 multa
1759 3379 1834 3441 et
1901 3374 2303 3526 prateclara

1827 3484 1906 3529 re
1953 3483 2020 3527 16
2069 3484 2110 3528 a
