2609 3884
728 143 863 199 LIB.
900 145 969 198 11.
1026 144 1181 201 GAP.
1219 151 1281 216 4,
1319 149 1369 199 5.
1429 151 1459 211 ς
1498 150 1741 203 12—16.
1832 131 1845 146 ‘
2120 147 2248 212 12⁷

349 303 615 370 Tanta
648 306 967 371 laetitia
1002 309 1275 371 auctus
1315 329 1506 386 sum,
1550 310 1638 371 ut
1668 307 1874 372 nihil
1911 310 2250 393 const-et,

208 431 287 494 et
332 450 512 510 eum,
560 429 699 514 qui:

348 549 573 618 Nunc
619 551 913 617 demum
958 551 1149 618 mihi
1200 553 1502 618 animus
1551 555 1798 637 ardet,

208 696 499 760 quorum
554 674 720 739 alter
771 675 1028 740 laetitia
1088 676 1356 761 gestiat,
1411 678 1575 742 alter
1638 678 1857 743 dolore
1917 678 2248 761 crucietur,

150 787 180 828 5
211 784 361 830 esse
408 763 595 827 illum
639 761 950 828 medium:

353 885 824 971 Quamquam
869 885 1058 952 haec
1103 887 1311 951 inter
1353 909 1490 953 nos
1535 892 1778 973 miper
1825 890 2115 955 notitia

938 975 1338 1040 admodum
1388 981 1531 1061 est,

210 1097 329 1184 qui
375 1119 497 1163 nec
540 1099 819 1163 laetetur
860 1119 979 1163 nec
1026 1102 1328 1182 angatur,
1374 1098 1658 1183 itemque
1698 1101 1871 1165 inter
1916 1123 2091 1187 eum,
2136 1103 2295 1187 qui

208 1186 513 1270 potiatur
567 1187 857 1271 corporis
914 1187 1216 1270 expetitis
1272 1187 1747 1272 voluptatibus,
1793 1192 1858 1253 et
1902 1211 2077 1272 eum,
2136 1190 2248 1275 qui

130 1301 184 1341 ιο
210 1275 623 1340 excrucietur
668 1275 937 1340 summis
983 1274 1345 1358 doloribuS,
1401 1297 1542 1341 esse
1590 1298 1761 1362 eum,
1820 1278 1942 1361 qui
1973 1282 2246 1362 utroque

210 1367 461 1428 661661.

353 1449 611 1516 Satisne
672 1448 927 1536 igitur’
937 1451 1162 1516 videor
1223 1451 1359 1516 vim
1431 1453 1775 1518 verborum
1846 1455 2098 1538 tenere,
2162 1476 2245 1519 an
2287 1415 2350 1542 155

214 1562 365 1606 sum
420 1540 618 1604 etiam
668 1560 844 1603 nunc
896 1539 1003 1604 vel
1058 1537 1301 1604 Graece
1357 1540 1539 1625 loqui
1597 1541 1702 1606 vel
1746 1540 1976 1606 Latine
2020 1542 2247 1607 docen-
2301 1565 2306 1570 ·

212 1627 384 1693 dus?
497 1626 589 1692 Et
650 1630 871 1692 tamen
941 1627 1113 1712 vide,
1185 1649 1295 1711 ne,
1362 1628 1422 1693 si
1485 1648 1607 1712 ego
1660 1651 1794 1694 non
1851 1629 2246 1716 intellegam,

130 1742 186 1782 15
214 1716 377 1802 quid
418 1715 742 1800 Epicurus
789 1715 1115 1800 loquatur,
1161 1738 1309 1781 611111
1346 1714 1639 1801 Graece,
1660 1720 1737 1781 ut
1775 1717 2027 1802 videor,
2071 1718 2247 1783 111611-

215 1806 431 1870 lenter
477 1804 704 1883 sciam,
757 1803 846 1868 sit
891 1805 1111 1888 aliqua
1163 1805 1354 1888 culpa
1400 1805 1563 1889 eius,
1619 1805 1732 1890 qui
1784 1805 1882 1870 ita
1925 1806 2246 1890 loquatur,

215 1897 293 1959 ut
334 1915 471 1959 non
513 1853 953 1976 intellegatur.
1021 1891 1212 1967 Quod
1257 1893 1509 1959 duobus
1547 1894 1758 1958 modis
1803 1894 1942 1968 sine
1986 1916 2246 1978 repren-

214 1982 401 2046 sione
454 1981 557 2064 fit,
621 1981 677 2046 si
745 1984 859 2045 aut
912 1981 989 2045 de
1044 1974 1365 2046 industria
1424 1981 1655 2066 faciaS,
1719 1985 1795 2047 ut
1855 1981 2247 2069 Heraclitus,

218 2069 764 2156 ‘cognomento
839 2069 970 2154 qui
1042 2065 1452 2146 σκοτεινάς
1511 2070 1997 2154 perhibetur,
2069 2073 2249 2156 quia

136 2158 308 2224 sede
370 2162 653 2223 natura
712 2157 942 2223 nimis
998 2157 1322 2223 obscure
1381 2158 1884 2244 memoravit,'
1941 2163 2056 2225 aut
2101 2181 2246 2224 cum

216 2269 437 2312 rerum
483 2246 872 2330 obscuritas,
924 2268 1055 2311 non
1100 2246 1471 2329 verborum,
1524 2245 1710 2329 facit,
1762 2248 1838 2311 ut
1877 2269 2014 2312 non
2055 2247 2245 2313 intel-

216 2336 479 2421 legatur
532 2335 769 2418 oratio,
821 2334 1033 2418 qualis
1088 2338 1187 2399 est
1241 2335 1314 2399 in
1366 2333 1632 2400 Timaeo
1686 2333 2000 2400 Platonis.
2088 2334 2244 2419 Epi·
2323 2382 2330 2388 -

217 2445 408 2489 curus
446 2426 693 2502 autem,
737 2426 813 2487 ut
849 2423 1105 2506 opinor,
1150 2443 1270 2487 nec
1303 2444 1438 2487 non
1473 2423 1641 2506 vult,
1688 2424 1744 2488 si
1777 2424 2004 2506 possit,
2048 2422 2244 2506 plane

217 2515 287 2576 et
338 2515 561 2596 aperte
615 2511 818 2595 loqui,
868 2533 990 2575 nec
1045 2510 1123 2574 de
1176 2531 1249 2575 re
1310 2511 1609 2588 obseura,
1662 2513 1738 2575 ut
1790 2509 2068 2595 physici,
2132 2513 2246 2575 aut

140 2624 191 2666 25
218 2600 598 2681 artificiosa,
642 2603 716 2664 ut
758 2598 1229 2682 mathematici,
1276 2599 1390 2663 sed
1435 2599 1512 2664 de
1556 2598 1798 2663 illustri
1843 2603 1909 2662 61
1952 2597 2130 2662 facili
2178 2603 2245 2663 et

217 2689 350 2753 iam
400 2689 473 2753 in
527 2688 761 2773 vulgus
814 2691 1168 2772 pervagata
1230 2687 1533 2771 loquitur.
1619 2685 2048 2770 -Quamquam
2110 2707 2243 2751 non

215 2777 476 2861 negatis
530 2797 650 2840 nos
704 2776 1108 2860 intellegere,
1165 2774 1319 2860 quid
1373 2776 1461 2840 sit
1524 2775 1854 2859 voluptas,
1917 2773 2030 2838 sed
2092 2775 2245 2859 quid

217 2866 327 2930 1116
372 2865 575 2948 dicat3
630 2885 666 2928 6
723 2885 849 2948 quo
905 2863 1210 2947 efficitur,
1263 2885 1398 2928 non
1441 2866 1517 2928 ut
1557 2885 1678 2928 nos
1728 2883 1862 2926 non
1905 2863 2244 2948 intellega-

219 2975 392 3038 111116,
447 2973 609 3036 quae
661 2952 762 3018 vis
817 2951 905 3016 sit
956 2952 1149 3016 istius
1202 2951 1410 3035 verbi,
1471 2951 1582 3016 sed
1627 2953 1700 3015 ut
1741 2950 1855 3015 ille
1902 2973 2019 3017 suo
2065 2974 2244 3016 more
2365 2975 2416 2986 *-

145 3065 197 3106 ³0
219 3042 550 3126 loquatur,
625 3042 923 3105 nostrum
992 3025 1320 3124 neglegat.
1439 3037 1510 3105 Si
1582 3039 1753 3104 enim
1825 3039 1999 3104 idem
2070 3040 2245 3124 dicit,
2285 3060 2349 3109 16

221 3130 393 3215 quod
446 3127 914 3213 Hieronymus,
968 3129 1080 3213 qui
1135 3131 1354 3193 censet
1409 3149 1732 3192 summum
1794 3127 2038 3192 bonum
2104 3149 2245 3192 esse

222 3219 360 3284 sine
418 3218 554 3282 ulla
606 3216 909 3282 molestia
958 3217 1203 3300 vivere,
1264 3237 1380 3281 cur
1437 3216 1688 3281 mavult
1745 3215 1956 3280 dicere
2019 3215 2244 3316 volup·

221 3309 427 3372 tatem
491 3326 685 3391 quam
745 3304 1136 3370 vacuitatem
1200 3302 1472 3387 (1010116,
1535 3307 1610 3369 111
1670 3303 1784 3368 1116
1855 3303 2041 3386 facit,
2115 3303 2243 3387 qui,

223 3394 374 3480 quid
434 3393 637 3476 dicat,
699 3392 1067 3478 intellegit?
1132 3393 1233 3458 sin
1296 3395 1515 3457 autem
1577 3393 1981 3477 voluptatem
2051 3394 2244 3472 putat

150 3507 199 3548 ³5
225 3482 693 3568 adiungendam
730 3503 900 3566 eam,
936 3503 1100 3567 quae
1137 3480 1225 3545 sit
1259 3481 1330 3544 in
1365 3483 1549 3544 motu
1587 3478 1712 3564 (sic
1748 3479 1920 3542 enim
1953 3477 2241 3560 appellat
