2609 3884
767 167 903 223 Lm.
940 166 1010 222 11.
1065 167 1219 223 CAP.
1257 173 1319 237 4,
1356 173 1404 223 5.
1462 175 1491 235 ς
1534 174 1776 224 10—13.
2177 169 2264 234 27

235 329 530 394 dicerent
592 329 1024 413 descripsisse.
1132 327 1296 394 Tum
1366 333 1432 394 et
1482 331 1603 395 illa
1662 331 1825 396 dixit
1884 331 2266 416 Antiochus,
2306 345 2369 396 12

223 439 405 501 quae
460 418 603 483 heri
660 415 931 484 Catulus
987 419 1522 483 commemoravit
1576 440 1615 482 a
1673 423 1856 501 patre
1916 442 2032 484 suo
2094 420 2267 485 dicta

231 505 520 590 Philoni,
558 509 624 571 et
667 507 797 570 alia
833 506 1040 590 plura,
1076 527 1193 570 nec
1231 527 1300 569 se
1341 507 1566 589 tenuit,
1612 508 1770 590 quin
1813 511 2042 572 contra
2078 530 2265 573 suum

237 594 575 659 doctorem
619 594 858 659 librum
897 594 1094 658 etiam
1140 592 1382 676 ederet,
1433 594 1543 678 qui
1591 592 1827 660 Sosus
1873 596 2265 661 inscribitur.

170 706 206 747 5
236 681 412 747 Tum
447 682 651 767 igitur
688 703 833 746 cum
873 685 939 746 et
965 681 1370 746 Heraclitum
1398 682 1685 747 studiose
1717 683 2004 749 audirem
2042 688 2269 749 contra

234 768 642 835 Antiochum
677 770 1100 835 disserentem
1137 770 1389 835 etitem
1422 769 1815 835 Antiochum
1843 776 2071 836 contra
2096 772 2265 839 Aca-

237 857 550 942 demicos,
593 857 739 922 dedi
774 857 1101 923 Antiocho
1142 879 1403 941 operam
1440 857 1835 943 diligentius,
1886 863 1959 924 ut
2005 881 2265 925 causam

236 967 322 1010 ex
367 967 442 1011 eo
489 949 698 1011 totam
744 966 1216 1032 cognoscerem.
1290 944 1519 1031 Itaque
1565 948 1927 1031 complures
1974 948 2109 1012 dies
2158 947 2265 1012 ad-

233 1033 450 1099 hibito
505 1032 839 1099 Heraclito
894 1034 1230 1118 doctisque
1284 1034 1721 1117 compluribus
1770 1037 1836 1099 et
1888 1036 1961 1099 in
2004 1036 2086 1100 iis
2131 1035 2263 1100 An·

142 1149 206 1188 10
233 1121 446 1186 tiochi
496 1121 700 1187 fratre
754 1122 981 1187 Aristo
1039 1125 1106 1186 et
1156 1125 1493 1205 praeterea
1552 1121 1855 1188 Aristone
1916 1126 1982 1188 et
2034 1121 2265 1206 Dione,

235 1209 476 1295 quibus
541 1210 653 1275 ille
726 1211 1076 1276 secundum
1146 1209 1417 1274 fratrem
1480 1210 1853 1294 plurumum
1915 1211 2265 1295 tribuebat,

233 1299 522 1362 multum
571 1297 888 1382 'temporis
943 1299 1012 1362 in
1067 1299 1196 1362 ista
1250 1321 1380 1363 una
1425 1298 1865 1383 disputatione
1926 1319 2261 1384 consump-

236 1387 462 1450 simuS.
581 1384 708 1452 Sed
782 1408 859 1452 ea
930 1408 1110 1470 pars,
1173 1408 1339 1471 quae
1404 1389 1629 1452 contra
1695 1386 2041 1452 Philonem
2106 1391 2264 1470 erat,

235 1474 819 1558 praetermittenda
866 1477 992 1558 est3
1038 1475 1253 1539 minus
1300 1475 1472 1538 enim
1520 1496 1665 1539 acer
1710 1478 1810 1539 est
1854 1474 2261 1540 adversarius

149 1589 208 1628 15
237 1563 330 1646 is,
365 1563 479 1647 qui
513 1563 666 1646 ista,
705 1584 869 1647 quae
907 1565 1060 1626 sunt
1092 1563 1236 1627 heri
1273 1562 1560 1641 defensa,
1606 1565 1806 1647 negat
1840 1561 2263 1628 Academicos

235 1651 506 1715 omnino
555 1650 784 1716 dicere.
860 1650 1009 1715 Etsi
1055 1650 1228 1715 eni'm
1273 1651 1601 1733 mentitur,
1643 1654 1867 1715 tamen
1904 1654 2004 1714 est
2042 1651 2264 1716 adver-

239 1739 458 1804 sarius
504 1738 729 1803 lenior.
771 1807 778 1814 ,
809 1737 916 1802 Ad
959 1738 1302 1803 Arcesilan
1349 1736 1871 1823 Carneademque
1913 1739 2264 1804 veniamus,
2309 1781 2351 1845 5

230 1864 248 1869 -»
313 1829 316 1833 ’
377 1825 555 1903 Quae
614 1848 759 1891 cum
815 1827 1112 1910 dixisset,
1176 1825 1270 1892 sic
1333 1848 1556 1892 rursus
1612 1847 1877 1892 exorsus
1932 1830 2057 1891 est:
2128 1826 2265 1891 Pri·
2304 1859 2369 1906 13

236 1937 421 1980 mum
474 1914 638 1979 mihi
689 1914 996 1979 videmini
1052 1911 1182 2001 (me
1237 1918 1454 1979 autem
1519 1914 1780 1979 nomine
1850 1914 2263 2000 appellabat),

151 2029 212 2069 ιο
239 2025 390 2068 cum
443 2006 696 2068 veteres
750 2002 1059 2086 physicos
1117 2003 1497 2086 nominatis,
1557 2002 1767 2067 facere
1829 2003 2026 2082 idem,
2093 2003 2266 2088 quod

233 2091 539 2156 seditiosi
585 2091 757 2155 cives
805 2091 1046 2174 solent,
1101 2111 1246 2155 cum
1292 2091 1543 2174 aliquos
1590 2112 1669 2155 ex
1714 2092 1999 2175 antiquis
2046 2093 2261 2167 ¹claros

236 2179 418 2244 viros
454 2178 810 2262 proferunt,
856 2200 1019 2261 quos
1056 2179 1278 2243 dicant
1301 2178 1507 2244 fuisse
1532 2173 1895 2263 populares,
1930 2183 2005 2244 ut
2043 2201 2264 2244 eorum

238 2267 373 2352 ipsi
410 2267 654 2332 similes
693 2287 831 2331 esse
867 2266 1226 2332 videantur.
1290 2266 1621 2350 Repetunt
1656 2267 1790 2332 iam
1816 2287 1861 2332 a
1885 2267 1953 2332 P.
1983 2265 2264 2350 Valeri0,

239 2355 357 2439 qui
412 2355 650 2420 exactis
705 2354 965 2439 regibus
1018 2355 1230 2439 primo
1286 2377 1455 2421 anno
1504 2355 1729 2419 consul
1778 2354 1934 2438 fuit,
1989 2376 2261 2419 comme·

157 2469 212 2510 25
237 2445 507 2508 morant
544 2443 854 2526 reliquoS,
902 2443 1013 2528 qui
1056 2443 1233 2528 leges
1278 2443 1623 2526 populares
1672 2442 1749 2507 de
1794 2443 2264 2525 provocationi-

236 2532 362 2596 bus
400 2529 688 2613 tulerint,
723 2552 869 2594 cum
907 2531 1205 2596 consules
1233 2535 1478 2614 essent3
1515 2536 1656 2594 tum
1694 2529 1776 2594 ad
1811 2529 1929 2594 hos
1957 2531 2264 2613 notiores),

239 2617 312 2684 O.
354 2617 778 2702 Flaminium,
825 2619 934 2702 qui
977 2619 1188 2704 legem
1227 2619 1553 2704 agrariam
1590 2617 1838 2703 aliquot
1882 2618 2066 2682 annis
2114 2621 2262 2683 ante

241 2706 596 2772 secundum
639 2706 952 2772 Punicum
995 2707 1236 2771 bellum
1290 2707 1587 2771 tribunus
1643 2704 1852 2790 plebis
1898 2706 2124 2770 tulerit
2168 2706 2263 2770 in-
2322 2708 2336 2723 ⁰

149 2872 154 2876 ¹
240 2795 378 2860 vito
417 2798 648 2860 senatu
684 2797 750 2858 et
783 2798 1030 2878 postea-
1049 2794 1152 2860 bis
1187 2794 1413 2860 consul
1455 2795 1667 2859 factus
1706 2793 1809 2875 sit,
1843 2792 1913 2859 L.
1946 2791 2263 2878 Cassium,

163 2908 215 2950 zo
241 2883 317 2960 Q.
352 2883 767 2974 Pompeium3
813 2883 911 2947 illi
955 2883 1216 2968 quidem
1254 2883 1559 2948 etiam-P.
1602 2881 1981 2947 Africanum
2024 2883 2263 2947 referre

240 2971 310 3036 in
355 2971 630 3037 eundem
675 2992 1016 3036 numerum
1061 2971 1289 3036 solent.
1364 2970 1511 3037 Duo
1548 2992 1701 3035 vero
1750 2970 2263 3054 sapientissimos

240 3063 309 3124 et
356 3059 760 3125 ,clarissimos
815 3058 1080 3138 frati-ee,
1133 3059 1206 3124 P.
1261 3057 1567 3126 Crassum
1626 3063 1693 3124 et
1743 3058 1815 3124 P.
1870 3056 2263 3140 Scaevolam,

241 3148 424 3214 aiunt
498 3146 596 3212 Ti.
661 3145 954 3212 Graccho
1021 3149 1316 3212 auctores
1395 3149 1611 3233 legum
1681 3146 1912 3229 fuisse,
1986 3146 2264 3210 alterum

242 3237 530 3320 quidem,
577 3239 652 3301 ut
696 3236 984 3300 videmus
993 3285 1011 3319 ,
1056 3235 1305 3318 palam,
1354 3236 1655 3314 alterum,
1708 3238 1784 3300 ut
1838 3235 2264 3318 suspicantur,

166 3347 216 3389 ³5
242 3325 596 3389 obscurius
702 3323 970 3388 Addunt
1032 3324 1231 3388 etiam
1296 3321 1379 3388 O.»
1429 3323 1727 3388 Marium.
1837 3321 1929 3386 Et
1991 3322 2068 3386 de
2140 3320 2266 3386 hoc

242 3413 499 3498 quidem
553 3412 722 3476 nihil
776 3411 1193 3476 mentiuntur.
1283 3411 1538 3476 Horum
1589 3411 1962 3494 nominibus
2002 3411 2119 3474 -tot
2171 3408 2263 3472 vi-

241 3521 461 3566 rorum
507 3504 699 3586 atque
754 3503 1086 3564 tantorum
1142 3499 1453 3586 expositis
1509 3519 1729 3564 eorum
1775 3518 1843 3562 se
1889 3497 2261 3560 institutum
