2609 3884
661 161 796 217 LIB.
832 162 875 218 I.
932 160 1086 217 CAP.
1124 166 1369 216 21-23,
1428 165 1457 227 5
1495 166 1739 217 49-55,
2083 158 2215 225 299

201 328 374 390 osset
407 323 532 389 hoc
561 322 827 389 acrioris
856 322 1190 389 cuiusdam
1217 323 1417 389 animi
1452 325 1873 406 praeceptum
1898 322 2214 391 tributum

201 412 321 478 <leo
369 414 484 493 [sc.
528 411 652 477 hoe
699 432 770 476 se
813 410 1030 494 ipsum
1075 432 1267 494 posse
1314 412 1748 496 cognoscere}

337 497 462 565 Sed
517 500 599 583 si,
662 498 870 585 qualis
937 498 1024 563 sit
1083 498 1363 575 animus,
1428 500 1569 582 ipse
1634 498 1889 563 animus
1952 497 2215 580 nesciet,
2251 507 2317 557 53

202 588 332 672 dic,
377 608 645 672 quaeso,
686 608 771 651 ne
817 608 957 651 esse
1004 587 1260 670 quidem
1306 608 1375 651 se
1421 586 1610 670 sciet,
1656 607 1739 651 ne
1784 586 2033 652 moveri
2077 587 2214 669 qui·

145 702 174 741 5
204 676 352 743 dem
398 674 516 741 se?
603 674 706 740 Ex
757 696 883 776 quo
938 673 1060 739 illa
1102 674 1274 740 ratio
1318 677 1477 741 nata
1530 678 1631 740 est
1677 672 1998 758 Platonis,
2052 694 2213 757 quae

203 786 246 829 a
307 760 572 828 Socrate
637 766 738 828 est
807 763 880 827 in
939 762 1234 827 Phaedro
1299 762 1646 846 explicata,
1720 784 1761 827 a
1830 782 1934 826 me
1998 765 2215 827 autem

202 851 421 935 posita
456 853 556 917 est
597 851 667 915 in
703 854 888 915 sexto
933 850 1102 916 libro
1141 850 1218 915 de
1259 872 1329 916 re
1369 850 1656 934 publica.
1721 847 1928 924 ‘Quod
1966 870 2218 932 semper
2236 845 2319 912 23

202 942 524 1019 movetur,
590 942 922 1003 aeternum
985 942 1109 1023 est3
1171 938 1343 1023 quod
1408 941 1625 1004 autem
1686 941 1935 1003 motum
2007 936 2219 1003 adfert

203 1027 425 1112 aliem,
471 1026 763 1113 quodque
809 1027 1023 1111 ipsum
1061 1027 1349 1112 agitatur
1389 1025 1676 1110 aliunde,
1720 1024 1978 1109 quando
2022 1026 2218 1091 finem

116 1143 173 1181 ιο
200 1116 403 1181 habet
437 1118 672 1199 motus,
707 1114 964 1180 vivendi
1000 1115 1194 1181 finem
1228 1114 1473 1181 habeat
1502 1134 1767 1180 necesse
1802 1116 1921 1179 est.
1993 1110 2217 1178 Solum

200 1204 430 1288 igitur,
478 1202 650 1287 quod
685 1224 756 1267 se
791 1203 1010 1285 ipsum
1043 1206 1288 1287 movet,
1324 1202 1477 1286 quia
1510 1224 1866 1286 numquam
1901 1200 2218 1267 deseritur

204 1314 244 1356 a
282 1312 377 1375 se,
422 1311 778 1374 numquam
813 1312 896 1359 ne
931 1292 1178 1356 moveri
1212 1291 1472 1375 quidem
1518 1290 1783 1392 desinit3
1829 1289 1983 1391 quin
2021 1290 2217 1355 etiam

203 1378 460 1462 ceteris,
513 1399 678 1463 quae
723 1382 1089 1463 moventur,
1145 1378 1253 1443 hic
1297 1378 1471 1463 fons,
1516 1380 1641 1443 hoc
1684 1377 2073 1462 principium
2119 1381 2219 1443 est

201 1466 522 1533 movendi.
623 1465 936 1549 Principii
1001 1468 1218 1531 autem
1283 1467 1467 1531 nulla
1528 1470 1631 1531 est
1693 1467 1903 1551 origo3
1963 1487 2117 1529 nam
2182 1488 2216 1531 e

114 1581 170 1621 15
198 1554 557 1656 principio·
579 1554 876 1619 oriuntur
933 1554 1180 1638 omnia,
1239 1554 1453 1637 ipsum
1506 1558 1727 1620 autem
1776 1554 1960 1619 nulla
2015 1575 2091 1619 ex
2147 1575 2218 1619 re

201 1644 335 1709 alia
377 1642 563 1708 nasci
606 1645 851 1726 potest3
895 1663 1018 1707 nec
1055 1642 1228 1708 enim
1265 1645 1438 1707 esset
1480 1642 1547 1707 id
1591 1642 2004 1727 principium,
2050 1642 2219 1726 quod

199 1732 578 1817 gigneretur
615 1730 898 1814 aliunde3
949 1730 1122 1815 quod
1167 1732 1223 1795 si
1265 1752 1619 1833 numquam
1652 1731 1882 1815 oritur,
1926 1751 2008 1794 ne
2054 1730 2218 1795 occi-

197 1821 298 1885 dit
353 1819 612 1905 quidem
667 1840 999 1902 umquam3
1049 1840 1203 1883 nam
1262 1819 1657 1903 principium
1701 1818 2055 1883 extinctum
2098 1839 2219 1883 nec

197 1909 417 1991 ipsum
480 1907 564 1971 ab
630 1906 761 1973 alio
834 1910 1210 1974 renascetur
1269 1927 1389 1972 nec
1454 1928 1529 1972 ex
1590 1928 1660 1972 se
1724 1906 1897 1972 aliud
1956 1906 2220 1990 creabit,

113 2024 172 2062 ιο
203 1994 524 2079 siquidem
566 2014 829 2059 necesse
875 1998 976 2059 est
1023 2018 1084 2059 a·
1104 1994 1421 2079 principio
1469 1994 1627 2059 oriri
1671 1994 1907 2060 omnia.
1976 1993 2083 2059 Ita
2127 1994 2220 2078 fit,

199 2086 277 2147 ut
339 2084 556 2147 motus
617 2082 1006 2167 principium
1069 2104 1146 2147 ex
1211 2104 1286 2147 eo
1352 2082 1465 2167 sit,
1537 2082 1707 2166 quod
1767 2082 1983 2166 ipsum
2048 2104 2089 2146 a
2150 2104 2219 2147 se

201 2174 526 2255 movetur3
589 2170 657 2234 id
721 2174 938 2235 autem
1001 2192 1120 2235 nec
1178 2171 1361 2236 nasci
1412 2173 1634 2254 potest
1684 2192 1803 2235 nec
1856 2170 2051 2255 mori,
2114 2171 2218 2236 vel

201 2257 504 2324 concidat
558 2278 748 2325 omne
806 2258 1053 2323 caelum
1109 2259 1443 2343 omnisque
1496 2262 1731 2323 natura
1790 2263 1849 2323 et
1904 2258 2220 2323 consistat

201 2367 470 2411 necesse
513 2349 616 2411 est
657 2367 777 2411 nec
823 2347 954 2411 vim
1009 2346 1208 2411 ullam
1252 2347 1690 2431 nanciscatur,
1745 2368 1873 2430 qua
1916 2366 1961 2410 a
2007 2346 2217 2430 primo

113 2460 171 2503 25
201 2434 491 2518 impulsa
542 2437 896 2499 moveatur.
996 2432 1160 2499 Cum
1211 2438 1438 2519 pateat
1493 2433 1695 2520 igitur
1760 2436 2093 2499 aeternum
2154 2434 2220 2498 id

2257 1476 2321 1526 54

199 2544 374 2606 esse,
427 2521 598 2606 quod
653 2543 724 2587 se
774 2522 991 2606 ipsum
1035 2526 1321 2607 moveat,
1368 2522 1510 2606 quis
1554 2526 1682 2606 est,
1740 2522 1852 2607 qui
1894 2521 2062 2585 hanc
2106 2543 2221 2585 na·
2262 2565 2272 2569 „

199 2614 416 2675 turam
469 2610 704 2675 animis
761 2632 900 2676 esse
963 2610 1277 2675 tributam
1340 2608 1579 2695 neget?
1686 2608 2055 2673 Inanimum
2118 2613 2221 2674 est

201 2698 374 2763 enim
421 2719 637 2782 omne,
682 2697 853 2783 quod
897 2698 1087 2782 pulsu
1123 2700 1409 2783 agitatur
1454 2700 1743 2781 externo3
1788 2696 1960 2780 quod
2004 2700 2220 2761 autem

199 2789 304 2851 est
363 2785 634 2871 animal,
692 2785 760 2851 id
819 2790 1000 2851 motu
1061 2786 1265 2851 cietur
1322 2786 1633 2850 interiore
1692 2788 1757 2849 et
1814 2805 1951 2849 suo.
2047 2783 2219 2849 Nam

108 2904 169 2943 so
202 2873 364 2939 haec
410 2878 511 2940 est
554 2874 820 2958 propria
863 2877 1098 2938 natura
1143 2874 1346 2939 animi
1392 2877 1583 2957 atque
1628 2873 1755 2957 vis3
1806 2893 1969 2956 quae
2016 2872 2075 2937 si
2122 2876 2221 2939 est

200 2984 334 3026 una
369 2982 447 3026 ex
483 2962 813 3041 omnibus,
851 2983 1016 3045 quae
1054 2984 1124 3027 se
1160 2962 1304 3045 ipsa
1346 2963 1653 3045 [semper]
1692 2964 1971 3044 moveat,
2010 2981 2219 3044 neque

200 3053 356 3115 nata
392 3053 564 3115 certe
602 3053 701 3115 est
738 3054 804 3115 et
841 3054 1106 3116 aeterna
1141 3048 1278 3113 est'.
1351 3050 1537 3115 Licet
1570 3052 1958 3115 concurrant
1996 3070 2215 3113 omnes
2254 3067 2321 3117 55

198 3137 441 3221 plebeii
503 3134 880 3222 philosophi
943 3134 1068 3224 (sic
1131 3137 1304 3202 enim
1366 3138 1443 3221 ii,
1513 3136 1625 3221 qui
1698 3159 1737 3202 a
1806 3136 2081 3203 Platone
2154 3139 2221 3199 et

199 3224 465 3291 Socrate
521 3228 588 3291 et
642 3226 723 3291 ab
773 3247 849 3291 ea
893 3224 1149 3289 familia
1193 3224 1531 3310 dissident,
1582 3224 1954 3309 appellandi
1999 3224 2217 3289 viden-

106 3342 166 3383 35
198 3310 366 3399 tur),
409 3335 542 3379 non
586 3314 778 3379 modo
823 3313 990 3378 nihil
1033 3334 1339 3397 umquam
1384 3316 1521 3377 tam
1562 3312 1895 3397 eleganter
1941 3311 2217 3394 explica-

201 3402 400 3485 bunt,
472 3400 584 3467 sed
655 3422 736 3467 ne
806 3400 934 3467 hoc
1005 3400 1260 3485 quidem
1333 3400 1549 3485 ipsum
1622 3421 1817 3485 quam
1890 3399 2221 3463 subtiliter

194 3488 572 3557 conclusum
627 3488 742 3575 sit,
793 3488 1194 3574 intellegent.
1294 3485 1509 3553 Sentit
1572 3488 1775 3571 igitur
1828 3490 2083 3551 animus
2148 3506 2216 3549 se
