2609 3884
657 129 794 210 ΠΒ.
831 156 926 211 111.
982 155 1136 213 CAP.
1175 162 1422 213 εει-31
1478 162 1508 223 s
1547 163 1689 212 70-
1704 164 1786 213 ⁷4.
2096 157 2231 223 385

206 321 414 384 antur.
515 315 641 383 Sed
691 315 854 383 haec
910 318 1080 383 inter
1126 339 1195 383 se
1254 340 1450 403 quam
1494 322 1887 404 repugnent,
1940 318 2231 404 plerique

203 428 337 472 non
370 405 606 470 vident.
671 404 971 470 Laudant
1006 405 1179 470 enim
1215 427 1371 494 eos,
1382 406 1495 490 qui
1531 428 1737 492 aequo
1780 405 1997 472 animo
2035 408 2230 472 mori-

205 497 424 577 antur3
483 493 593 578 qui
651 493 918 558 alterius
971 496 1249 559 mortem
1305 514 1511 579 aequo
1559 494 1776 560 animo
1824 494 2060 578 ferant,
2118 516 2230 560 eos

202 584 440 667 putant
501 580 976 665 vituperandos.
1085 580 1286 658 Quasi
1348 582 1489 647 fieri
1550 582 1684 648 ullo
1748 583 1941 648 modo
2001 582 2230 666 possit,

150 692 178 734 ⁵
205 668 378 754 quod
441 670 511 734 in
575 668 896 734 amatorio
960 690 1258 734 sermone
1324 668 1452 735 dici
1510 669 1704 754 solet,
1758 673 1832 734 ut
1890 670 2229 755 quisquam

199 758 350 841 plus
403 757 678 823 alterum
733 756 964 841 diligat
1018 778 1212 841 quam
1268 774 1356 822 se.
1443 757 1859 823 Praeclarum
1912 758 2074 822 illud
2128 761 2229 823 est
2265 768 2333 817 73

203 849 297 929 et,
349 846 408 910 si
454 845 760 947 quaeris&
792 848 1041 910 rectum
1085 866 1341 929 quoque
1386 848 1457 910 et
1497 866 1752 929 verum,
1813 849 1887 910 ut
1932 867 2071 929 eos,
2117 845 2231 931 qui

199 895 393 1000 no'bis
447 931 766 998 carissimi
820 953 961 999 esse
1007 932 1311 1017 debeant,
1367 942 1567 1016 aeque
1614 954 1690 997 ac
1734 936 1992 999 nosmet
2048 934 2226 1017 ipsos

201 1042 518 1104 amemus3
570 1024 647 1085 ut
699 1042 852 1086 vero
906 1021 1083 1106 plus,
1136 1021 1278 1085 fieri
1322 1021 1505 1086 nullo
1559 1024 1753 1105 pacto
1803 1024 2038 1105 potest.
2125 1020 2228 1087 Ne

120 1134 174 1174 ιο
201 1109 560 1193 optandum
624 1108 883 1194 quidem
938 1110 1040 1173 est
1099 1108 1171 1173 in
1227 1108 1541 1192 amicitia,
1604 1111 1679 1173 ut
1736 1130 1841 1173 me
1904 1108 2018 1173 ille
2077 1109 2227 1192 plus

201 1219 397 1282 quam
443 1218 538 1280 se,
586 1216 708 1281 ego
753 1195 941 1260 illum
985 1196 1130 1279 plus
1177 1217 1372 1280 quam
1413 1218 1544 1281 me;
1589 1196 1995 1280 perturbatio
2033 1196 2227 1281 vitae,

202 1286 262 1349 si
305 1284 404 1349 ita
447 1284 562 1368 sit,
607 1288 798 1367 atque
846 1283 1211 1350 officiorum
1255 1283 1545 1349 omnium
1591 1287 2035 1369 consequatur.

337 1369 463 1437 Sed
507 1370 586 1435 de
630 1370 754 1435 hoc
799 1370 990 1454 alias3
1042 1392 1214 1436 nunc
1265 1372 1427 1436 illud
1472 1373 1631 1438 satis
1686 1376 1813 1456 est,
1866 1393 1997 1438 non
2042 1373 2225 1437 attri·
2244 1374 2332 1440 30

200 1460 402 1525 buere
445 1458 527 1523 ad
563 1458 982 1524 amissionem
1020 1459 1375 1524 amicorum
1420 1460 1749 1524 miseriam
1790 1463 2102 1544 nostram,
2144 1482 2227 1525 ne

121 1573 174 1613 ιιι
201 1547 356 1613 illos
409 1545 595 1631 plus,
653 1568 850 1631 quam
904 1546 1033 1630 ipsi
1085 1547 1317 1632 velint,
1374 1547 1432 1612 si
1488 1547 1799 1631 sentiant,
1854 1548 2002 1631 plus
2058 1552 2229 1612 certe

202 1658 395 1721 quam
419 1637 679 1701 nosmet
713 1634 894 1717 ipsos
932 1634 1299 1720 diligamus.
1362 1633 1534 1699 Nam
1562 1635 1732 1720 quod
1771 1634 1954 1700 aiunt
1984 1635 2228 1720 pleros-

200 1745 327 1808 que
381 1722 938 1789 consolationibus
993 1723 1161 1787 nihil
1217 1722 1421 1789 levari
1466 1723 1953 1807 adiunguntque
1999 1744 2227 1788 conso-

200 1813 444 1878 latores
500 1812 682 1895 ipsos
742 1810 1038 1876 confiteri
1096 1832 1166 1876 se
1225 1812 1523 1895 miseros,
1583 1832 1728 1875 cum
1792 1810 1875 1875 ad
1934 1831 2045 1875 eos
2110 1812 2228 1875 im-

36 1952 38 1961 .
199 1903 423 1983 petum
459 1921 648 1966 suum
687 1898 948 1979 fortuna
991 1900 1413 1983 converterit,
1456 1902 1795 1982 utrumque
1830 1897 2226 1975 dissolvitur.

36 1974 40 1993 ⁵
121 2014 174 2053 20
203 1986 370 2052 Sunt
423 1988 598 2051 enim
642 1987 774 2050 ista
815 2007 950 2052 non
991 1990 1264 2052 naturae
1310 1985 1500 2070 vitia,
1554 1984 1668 2052 sed
1721 1972 1965 2087 culpae
2056 1984 2227 2051 Stul-

201 2075 418 2140 titiam
455 2078 672 2139 autem
710 2095 1010 2139 accusare
1056 2074 1353 2159 quamvis
1402 2073 1672 2175 copiose
1704 2073 1871 2138 licet.
1940 2072 2115 2139 Nam
2160 2078 2227 2140 et

203 2164 314 2248 qui
357 2183 492 2227 non
526 2162 850 2244 levantur,
894 2161 1022 2244 ipsi
1055 2182 1119 2227 se
1165 2161 1248 2227 ad
1283 2161 1617 2227 miseriam
1652 2160 1955 2245 invitant,
2004 2165 2071 2227 et
2114 2162 2227 2247 qui

203 2270 355 2316 suos
411 2270 597 2315 casus
653 2248 843 2313 aliter
895 2248 1141 2332 ferunt,
1195 2253 1390 2334 atque
1434 2252 1509 2315 ut
1561 2252 1859 2314 auctores
1906 2212 2051 2314 aliis
2096 2250 2225 2334 ipsi

201 2337 488 2422 fuerunt,
529 2358 664 2401 non
709 2337 861 2401 sunt
903 2337 1269 2403 vitiosiores
1317 2360 1510 2423 quam
1554 2336 1691 2402 fere
1736 2338 2053 2422 plerique,
2114 2339 2226 2422 qui

119 2452 174 2493 25
204 2426 386 2492 avari
442 2445 696 2507 avaros,
763 2422 1013 2509 gloriae
1067 2426 1334 2507 cupidos
1399 2425 1670 2510 gloriosi
1731 2424 2224 2526 reprehendunt.

36 2522 38 2527 ’
199 2513 328 2581 Est
382 2514 553 2578 enim
620 2511 955 2597 proprium
1011 2512 1328 2577 stultitiae
1382 2513 1659 2578 aliorum
1719 2512 1883 2578 vitia
1948 2534 2225 2596 cernere,

201 2601 501 2668 oblivisci
563 2622 840 2667 suorum.
950 2597 1076 2664 Sed
1135 2599 1445 2667 nimirum
1506 2600 1633 2666 hoc
1694 2622 2067 2665 maxumum
2125 2606 2224 2665 est
2260 2614 2328 2666 ’14

201 2690 739 2774 experimentum,
812 2709 959 2753 cum
1032 2690 1286 2753 constet
1356 2687 1827 2774 aegritudinem
1897 2691 2222 2753 vetustate

199 2778 376 2861 tolli,
420 2776 590 2843 hanc
634 2777 769 2842 vim
803 2796 936 2841 non
973 2798 1113 2841 esse
1158 2777 1230 2841 in
1275 2776 1377 2842 die
1422 2777 1736 2860 positam,
1783 2775 1894 2841 sed
1933 2776 2005 2840 in
2050 2777 2222 2861 cogi-

117 2892 174 2932 ⁸0
200 2867 447 2932 tatione
501 2864 822 2931 diuturna.
908 2863 1084 2930 Nam
1139 2864 1198 2929 si
1252 2869 1321 2930 et
1364 2864 1589 2929 eadem
1633 2884 1737 2929 res
1785 2868 1885 2929 est
1929 2866 1995 2927 et
2049 2864 2223 2929 idem

199 2958 304 3020 est
345 2952 569 3038 homo,
622 2952 734 3039 qui
784 2955 1004 3036 potest
1056 2952 1401 3036 quicquam
1446 2952 1525 3017 de
1571 2952 1793 3017 dolore
1838 2952 2103 3036 mutari,
2167 2951 2223 3017 si

197 3063 405 3126 neque
458 3041 537 3106 de
592 3062 696 3124 eo,
748 3044 1016 3124 propter
1072 3041 1244 3124 quod
1289 3040 1495 3119 dolet,
1549 3040 1894 3124 quicquam
1940 3044 2041 3104 est
2085 3061 2223 3104 mu-

196 3134 410 3197 tatum
451 3150 662 3212 neque
707 3128 785 3192 de
831 3148 936 3213 eo,
981 3128 1091 3212 qui
1137 3127 1356 3192 dolet?
1460 3089 1788 3213 Cogitatio
1834 3127 2038 3212 igitur
2084 3127 2223 3191 diu-

197 3222 392 3284 turna
433 3216 604 3281 nihil
647 3236 789 3280 esse
833 3214 906 3279 in
947 3236 1018 3279 re
1064 3216 1220 3279 mali
1273 3215 1483 3281 dolori
1528 3214 1844 3299 medetur,
1898 3236 2035 3279 non
2079 3214 2223 3297 ipsa

117 3331 174 3373 ιο
200 3305 613 3371 diuturnitas.

330 3392 456 3458 Hic
490 3391 655 3457 mihi
691 3389 994 3455 adferunt
1023 3388 1524 3455 mediocritates.
1590 3390 1765 3468 Quae
1803 3390 1859 3455 si
1883 3389 2215 3455 naturales
2237 3386 2321 3450 31

198 3484 380 3565 sunt,
434 3479 589 3565 quid
647 3499 810 3563 opus
865 3483 964 3543 est
1017 3477 1507 3544 consolatione?
1559 3481 1798 3543 natura
1852 3476 2023 3542 enim
2074 3477 2220 3563 ipsa

306 3601 416 3645 010.
441 3602 522 3645 Π.
552 3604 590 3642 1.
1825 3585 1893 3634 25
