2609 3884
684 134 821 190 ΠΒ.
859 134 953 189 IV.
1010 133 1165 191 cAP.
1203 141 1451 190 25—2'7.
1504 140 1536 202 g
1572 140 1817 193 56—69.
2136 137 2268 201 413

243 293 1238 451 ssssfiffssuffiissssmsgffii⁰i¹aebssffss
1265 296 2269 451 3353113332’2221332Q133b355

244 471 732 538 Mediocritates
762 477 980 539 autem
1009 474 1326 538 malorum
1353 473 1498 559 quis
1526 472 1788 539 laudare
1815 477 1988 539 recte
2015 473 2268 557 possit?
2307 485 2371 534 57

245 561 406 637 Quis
460 561 633 626 enim
685 563 932 647 potest,
986 561 1055 626 in
1109 583 1235 646 quo
1285 561 1489 627 libido
1536 562 1933 645 cupiditasve
1981 562 2092 646 sit,
2135 584 2271 626 non

186 673 215 715 5
243 649 634 715 libidinosus
690 652 756 714 et
810 649 1076 734 cupidus
1133 649 1318 715 esse?
1374 650 1444 714 in
1490 671 1617 734 quo
1662 650 1788 734 ira,
1840 671 1973 715 non
2017 651 2271 714 iracun-

212 737 412 802 dus?
468 737 539 802 in
592 759 719 822 quo
768 758 994 823 angor,
1048 759 1181 803 non
1234 737 1506 802 anxius?
1560 737 1630 800 in
1684 759 1810 822 quo
1863 737 2088 823 timor,
2136 759 2270 803 non

245 825 559 890 timidus?
630 824 1079 891 Libidinosum
1124 825 1328 910 igitur
1369 828 1436 891 et
1479 825 1858 891 iracundum
1905 828 1971 890 et
2008 824 2270 890 anxium

240 917 314 977 ‘et
365 912 667 978 timidum
723 934 1055 979 censemus
1110 935 1253 978 esse
1311 913 1717 996 sapientem?
1784 913 1862 978 de
1926 913 2104 979 cuius
2165 935 2270 978 ex-

246 1001 547 1067 cellentia
582 1001 789 1067 multa
824 1001 1083 1087 quidem
1131 1001 1256 1067 dici
1295 1001 1589 1086 quamvis
1633 1001 1777 1066 fuse
1818 1002 2078 1087 lateque
2121 1023 2269 1085 pos-

162 1115 217 1155 ιο
247 1093 428 1174 sunt,
474 1089 588 1154 sed
621 1089 1002 1156 brevissime
1038 1089 1155 1155 illo
1192 1088 1414 1174 modo,
1451 1089 1838 1174 sapientiam
1879 1111 2019 1155 esse
2054 1110 2271 1154 rerum

248 1178 613 1242 divinarum
668 1180 735 1243 et
786 1177 1216 1244 humanarum
1288 1177 1628 1243 scientiam
1686 1177 2272 1264 cognitionemque,

247 1287 415 1352 quae
458 1267 764 1350 cuiusque
809 1266 905 1331 rei
951 1287 1147 1331 causa
1191 1265 1296 1330 sit.
1384 1265 1487 1330 Ex
1532 1287 1659 1349 quo
1706 1265 2012 1350 efficitur,
2055 1267 2133 1330 ut
2178 1265 2271 1330 di-

244 1355 400 1419 vina
441 1355 761 1438 imitetur,
819 1353 1105 1419 humana
1151 1353 1376 1418 omnia
1419 1353 1728 1418 inferiora
1772 1353 2014 1418 virtute
2060 1354 2270 1418 ducat.

245 1442 329 1506 In
371 1441 542 1508 hanc
585 1446 660 1508 tu
702 1442 905 1528 igitur
948 1444 1284 1527 tamquam
1329 1442 1400 1506 in
1444 1463 1650 1524 mare,
1695 1440 1868 1524 quod
1913 1444 2014 1506 est
2058 1441 2272 1506 ventis

25 1561 27 1598 f
162 1555 218 1598 ιε
247 1530 635 1615 subiectum,
692 1530 1250 1615 perturbationem
1296 1528 1524 1594 cadere
1581 1529 1708 1594 tibi
1754 1527 1978 1593 dixisti
2022 1528 2272 1593 videri?

248 1617 420 1696 Quid
456 1621 573 1704 est,
609 1619 780 1704 quod
814 1621 1070 1683 tantam
1106 1617 1497 1703 gravitatem
1534 1616 2092 1701 constantiamque
2129 1636 2271 1700 per-

246 1705 510 1771 turbet?
557 1728 642 1771 an
685 1706 1090 1790 inprovisum
1127 1705 1372 1791 aliquid
1415 1709 1529 1770 aut
1571 1704 2025 1788 repentinum?
2102 1702 2273 1780 Quid

245 1798 464 1878 potest
500 1794 785 1860 accidere
822 1794 951 1860 tale
988 1795 1078 1879 ei,
1123 1793 1227 1859 cui
1270 1793 1466 1877 nihil,
1509 1793 1679 1877 quod
1713 1791 1966 1857 homini
2013 1792 2272 1856 evenire

246 1883 481 1968 possit,
524 1903 652 1948 non
683 1882 1200 1965 praemeditatum
1233 1881 1362 1948 sit?
1429 1880 1604 1947 Nam
1642 1879 1812 1966 quod
1849 1879 2032 1945 aiunt
2066 1880 2272 1945 nimia

166 1997 221 2038 πο
246 1971 529 2038 resecari
575 1973 901 2055 oportere,
944 1971 1275 2036 naturalia
1310 1969 1614 2054 relinqui,
1661 1968 1816 2052 quid
1849 1968 2115 2033 tandem
2159 1990 2272 2052 po·

247 2062 381 2124 test
434 2081 575 2125 esse
628 2058 952 2142 naturale,
1016 2059 1188 2143 quod
1249 2057 1422 2122 idem
1487 2057 1762 2122 nimium
1817 2078 1956 2122 esse
2019 2056 2271 2140 possit?

249 2147 419 2214 Sunt
453 2147 625 2212 enim
664 2147 883 2214 omnia
925 2147 1059 2212 ista
1094 2168 1173 2211 ex
1212 2167 1500 2212 errorum
1538 2148 1684 2211 orta
1717 2144 2062 2229 radicibus,
2109 2166 2272 2230 quae

249 2235 580 2302 evellenda
643 2239 710 2300 et
771 2234 1165 2300 extrahenda
1226 2234 1516 2320 penitus,
1568 2254 1702 2300 non
1761 2233 2274 2299 circumcidenda

246 2345 367 2391 nec
412 2323 809 2407 amputanda
853 2327 1021 2388 sunt.

167 2437 221 2480 25
386 2411 513 2478 Sed
547 2411 855 2497 quoniam
882 2411 1177 2495 suspicor
1210 2413 1277 2475 te
1300 2431 1437 2475 non
1473 2412 1611 2475 tam
1640 2409 1718 2473 de
1747 2409 2040 2492 sapiente
2076 2429 2273 2492 quam
2293 2377 2374 2503 {g

249 2501 327 2566 de
380 2503 448 2565 te
502 2500 649 2585 ipso
704 2520 1007 2584 quaerere
1062 2497 1278 2584 (illum
1324 2497 1499 2562 enim
1550 2499 1744 2581 putas
1792 2495 1970 2561 omni
2026 2498 2274 2578 pertur-

246 2589 512 2654 batione
561 2609 703 2653 esse
746 2587 1020 2652 liberum
1035 2638 1051 2668 ,
1094 2589 1161 2651 te
1206 2583 1362 2672 vis),
1422 2585 1778 2668 videamus,
1832 2585 2077 2667 quanta
2122 2583 2273 2668 sint,

248 2697 501 2831 3353?
543 2674 1278 2847 ‘fflifsefflaqffssissss
1319 2669 2274 2826 ffiississssnssnfflssssumnssfflssi

446 2814 461 2831 ·
1885 2809 1904 2844 2

170 2877 225 2921 ω
250 2853 378 2919 fuit
420 2852 758 2919 hominum
804 2851 1028 2938 generi
1072 2851 1327 2916 infensa
1362 2852 1556 2933 atque
1592 2847 1857 2913 inimica
1899 2850 2155 2932 natura,
2198 2850 2274 2912 ut

249 2941 627 3025 corporibus
672 2942 776 3006 tot
818 2961 922 3005 res
968 2939 1297 3023 salutaris,
1345 2937 1578 3003 animis
1622 2936 1872 3001 nullam
1928 2935 2274 3020 invenerit3

250 3029 327 3094 de
389 3029 621 3114 quibus
678 3027 804 3094 hoc
863 3028 1063 3092 etiam
1124 3029 1224 3092 est
1280 3025 1515 3091 merita
1580 3024 1838 3108 melius,
1903 3023 2074 3108 quod
2137 3043 2275 3088 cor-

250 3138 481 3202 porum
545 3116 915 3182 adiumenta
977 3113 1367 3180 adhibentur
1427 3113 1848 3196 extrinsecus,
1915 3111 2275 3176 animorum

252 3206 428 3272 salus
472 3204 725 3270 inclusa
769 3205 838 3269 in
882 3203 988 3269 his
1032 3201 1195 3287 ipsis
1242 3205 1359 3267 est.
1451 3200 1575 3267 Sed
1633 3223 1760 3285 quo
1806 3199 2017 3264 maior
2062 3201 2163 3262 est
2205 3197 2276 3262 in

172 3315 225 3359 ⁸5
253 3295 345 3360 eis
398 3292 802 3378 praestantia
856 3294 922 3357 et
976 3289 1283 3373 divinior,
1347 3310 1423 3355 eo
1479 3289 1722 3355 maiore
1775 3285 2070 3369 indigent
2133 3283 2277 3349 dili-

253 3383 493 3468 gentia.
562 3379 789 3466 Itaque
833 3379 999 3445 bene
1045 3376 1340 3444 adhibita
1383 3378 1553 3443 ratio
1601 3375 1835 3457 cernit,
1885 3372 2041 3457 quid
2090 3375 2274 3457 optu-

251 3492 431 3536 mum
478 3469 591 3553 sit,
633 3467 927 3553 neglecta
970 3464 1195 3532 multis
1240 3465 1614 3550 implicatur
1654 3460 1996 3528 erroribus.
2067 3459 2173 3525 Ad
2209 3463 2274 3524 te
2311 3479 2380 3528 59
