2609 3884
703 155 838 210 ΜΒ.
875 155 972 211 rv,
1029 153 1182 210 CAP.
1221 162 1399 211 8—5.
1454 161 1483 223 5
1522 163 1729 211 6—11.
2091 158 2223 224 205

207 320 378 382 artes
438 317 863 401 reliquerunt,
918 317 1212 402 quodque
1267 320 1369 382 est
1422 318 1777 383 definitioni
1836 319 2225 404 adiunctum,

205 410 278 469 ut
321 426 426 469 res
474 404 545 469 in
589 407 811 487 partes
859 404 1208 489 dividatur,
1251 406 1318 469 id
1366 410 1431 471 et
1478 407 1553 471 fit
1590 407 1671 469 ab
1716 405 1848 471 illis
1895 410 1986 491 et,
2032 429 2225 492 quem

207 494 286 557 ad
331 492 601 557 modum
647 493 786 556 fieri
834 496 1157 577 oporteat,
1202 493 1509 579 traditur3
1553 494 1712 558 item
1749 493 1826 558 de
1864 496 2224 578 contrariis,

46 732 48 747 ,
160 579 1819 753 ⁵iassussssssm‘ssfiffigssssfflnefssssfflssssecagssffiffi
1838 587 2227 754 &2333ssss

207 778 370 841 quae
407 756 750 840 perspicua
786 756 1029 841 dicunt,
1068 756 1292 822 deinde
1332 758 1624 823 ordinem
1660 762 2032 843 sequuntur,
2066 762 2227 842 tum,

207 844 361 929 quid
423 866 650 909 verum
713 844 801 909 sit
859 844 930 909 in
992 845 1295 929 singuliS,
1360 851 1647 911 extrema
1718 846 2043 912 conclusio
2107 850 2225 911 est.

207 932 469 1009 Quanta
511 935 731 997 autem
775 932 858 997 ab
904 932 1037 997 illis
1074 934 1355 998 varietas
1402 937 1930 1019 argumentorum
1972 934 2225 999 ratione

207 1020 728 1086 concludentium
773 1041 1120 1105 eorumque
1167 1043 1313 1086 cum
1359 1022 1664 1106 captiosis
1700 1022 2226 1107 interrogationi-

139 1135 184 1174 ιο
206 1110 327 1174 bus
384 1108 872 1174 dissimilitudo!
984 1107 1179 1193 Quid,
1244 1109 1415 1192 quod
1467 1110 1762 1192 pluribus
1819 1110 1982 1175 locis
2042 1111 2227 1195 quasi

208 1197 620 1279 denuntiant,
669 1200 745 1261 ut
786 1218 992 1281 neque
1039 1218 1344 1261 sensuum
1388 1197 1581 1262 fidem
1627 1200 1766 1263 sine
1810 1199 2065 1263 ratione
2110 1220 2229 1265 nec

205 1286 482 1350 rationis
544 1286 678 1350 sine
749 1284 1044 1351 sensibus
1110 1285 1519 1368 exquiramus
1534 1336 1551 1369 ,
1614 1290 1805 1371 atque
1868 1289 1943 1351 ut
2005 1308 2229 1352 eorum

209 1374 487 1438 alterum
553 1373 660 1453 ab,
699 1374 903 1438 altero
966 1393 1046 1437 ne
1104 1373 1518 1456 separemus?
1619 1373 1832 1450 Quid?
1898 1396 2000 1457 ea,
2064 1396 2229 1459 quae

209 1460 532 1526 dialectici
585 1482 758 1525 nunc
811 1460 1079 1525 tradunt
1132 1464 1198 1525 et
1252 1460 1511 1546 docent,
1564 1483 1778 1526 nonne
1825 1462 1907 1527 ab
1952 1462 2085 1527 illis
2133 1463 2227 1526 in-

141 1575 185 1615 15
211 1550 442 1614 stituta
489 1553 640 1613 sunt
686 1549 981 1629 [inventa
1027 1547 1251 1629 sunt]?
1342 1547 1440 1613 De
1491 1550 1724 1633 quibus
1772 1550 1897 1614 etsi
1943 1572 1983 1614 a
2028 1548 2230 1637 Chry-

210 1638 399 1721 sippo
447 1637 724 1701 maxime
771 1640 872 1701 est
908 1637 1342 1720 elaboratum,
1385 1641 1609 1702 tamen
1645 1659 1685 1701 a
1719 1637 1977 1703 Zenone
2012 1639 2228 1702 minus

211 1726 419 1790 multo
465 1746 659 1809 quam
707 1724 789 1788 ab
838 1724 1153 1808 antiquis3
1201 1724 1282 1788 ab
1329 1725 1453 1789 hoc
1490 1730 1709 1792 autem
1746 1726 2061 1809 quaedam
2096 1747 2229 1791 non

209 1814 440 1878 melius
489 1834 680 1896 quam
726 1814 999 1895 veteres,
1047 1811 1362 1897 quaedam
1407 1814 1671 1879 omnino
1716 1814 1959 1879 relicta.
2038 1812 2228 1879 Oum-

211 1923 331 1985 que
387 1900 552 1965 duae
607 1900 740 1965 sint
795 1904 989 1978 artes,
1046 1899 1278 1983 quibus
1334 1900 1617 1984 perfecte
1670 1901 1839 1966 ratio
1895 1905 1962 1967 et
2017 1901 2227 1967 oratio

141 2015 188 2054 20
212 1988 638 2073 compleatur,
700 2009 831 2052 una
892 1988 1290 2072 inveniendi,
1355 1989 1559 2053 altera
1622 1989 2001 2074 disserendi,
2063 1989 2230 2054 hanc

208 2076 639 2160 posteriorem
695 2078 762 2140 et
805 2073 1006 2140 Stoici
1061 2078 1128 2141 et
1168 2075 1616 2160 Peripatetici,
1668 2078 1954 2161 priorem
2012 2080 2230 2141 autem

210 2165 307 2228 illi
353 2164 618 2248 egregie
662 2162 1094 2246 tradiderunt,
1138 2163 1210 2227 hi
1257 2163 1519 2229 omnino
1559 2185 1642 2228 ne
1690 2165 2050 2250 attigerunt
2093 2166 2230 2248 qui-

213 2251 374 2317 dem.
465 2250 640 2317 Nam
687 2272 721 2315 e
766 2251 997 2335 quibus
1042 2250 1202 2315 locis
1248 2252 1435 2335 quasi
1477 2251 1801 2317 thesauris
1850 2256 2232 2337 argumenta

212 2339 768 2422 depromerentur,
813 2338 1015 2403 vestri
1048 2360 1131 2402 ne
1168 2339 1479 2421 suspicati
1523 2340 1782 2423 quidem
1820 2345 1996 2415 sunt,
2046 2360 2230 2421 supe-

141 2453 186 2493 25
210 2428 413 2492 riores
451 2430 669 2492 autem
707 2426 982 2492 artificio
1019 2429 1088 2489 et
1122 2426 1232 2490 via
1264 2426 1685 2492 tradiderunt.
1758 2425 1934 2502 Quae
1972 2427 2232 2509 quidem

213 2538 318 2580 ars
359 2515 577 2597 efficit,
610 2536 694 2579 ne
728 2534 988 2579 necesse
1027 2514 1114 2578 sit
1157 2513 1363 2579 isdem
1413 2513 1491 2579 de
1527 2515 1719 2579 rebus
1756 2535 2009 2596 semper
2044 2514 2230 2597 quasi

211 2604 460 2668 dictata
512 2601 856 2666 decantare
907 2624 1114 2687 neque
1170 2623 1210 2666 a
1256 2600 1800 2667 commentariolis
1852 2601 1984 2665 suis
2032 2601 2229 2664 disce·

211 2692 379 2756 dere.
469 2688 643 2755 Nam
689 2690 800 2773 qui
845 2690 1029 2772 sciet,
1087 2689 1202 2754 ubi
1246 2689 1524 2775 quidque
1569 2688 1857 2772 positum
1905 2687 2021 2772 sit,
2076 2709 2229 2771 qua-

215 2800 336 2863 que
375 2800 452 2843 eo
495 2778 739 2861 veniat,
792 2776 878 2861 is,
931 2776 1190 2841 etiamsi
1243 2777 1397 2861 quid
1445 2778 1750 2843 obrutum
1796 2775 1945 2859 erit,
1989 2776 2233 2861 poterit

38 2882 40 2893 '
140 2890 190 2930 ao
215 2888 436 2931 eruere
483 2885 857 2949 semperque
904 2886 1043 2929 esse
1088 2865 1158 2929 in
1212 2864 1600 2948 disputando
1649 2885 1819 2929 suus.
1919 2862 2232 2939 Quodetsi

214 2954 494 3038 ingeniis
543 2952 794 3037 magnis
847 2952 1125 3036 praediti
1179 2952 1441 3035 quidam
1497 2952 1748 3017 dicendi
1794 2951 2048 3034 copiam
2094 2952 2231 3016 sine

216 3043 468 3106 ratione
505 3044 1007 3124 consequuntur,
1054 3061 1160 3105 ars
1206 3043 1426 3103 tamen
1463 3044 1563 3104 est
1598 3039 1725 3104 dux
1761 3039 1994 3104 certior
2039 3060 2232 3123 quam

216 3132 467 3194 natura.
538 3127 738 3192 Aliud
776 3130 875 3191 est
912 3128 1084 3191 enim
1127 3130 1465 3208 poetarum
1503 3148 1679 3192 more
1715 3126 1915 3192 verba
1949 3126 2233 3210 fundere,

219 3217 392 3282 aliud
439 3238 541 3301 ea,
587 3237 753 3302 quae
800 3216 1004 3299 dicas,
1049 3215 1300 3279 ratione
1348 3219 1415 3280 et
1460 3219 1598 3279 arte
1645 3215 2056 3299 distinguere.

144 3415 196 3455 ³5
351 3391 601 3457 Similia
654 3391 780 3456 dici
835 3392 1114 3475 possunt
1165 3389 1241 3455 de
1289 3389 1713 3472 explicatione
1758 3393 2055 3471 naturae,
2103 3410 2231 3470 qua

221 3484 278 3543 et
334 3480 406 3544 hi
469 3483 739 3545 utuntur
799 3483 867 3543 et
928 3478 1154 3561 vestri,
1217 3498 1422 3561 neque
1478 3498 1628 3540 vero
1685 3476 1769 3540 ob
1827 3476 1982 3539 duas
2037 3472 2228 3537 modo

2267 1826 2335 1875 10

2267 3362 2328 3485 ᾗ
