2609 3884
640 121 777 177 ΜΒ.
814 123 907 179 IV.
964 123 1119 180 CAP.
1162 129 1403 178 11-13.
1462 129 1493 190 ε
1530 129 1772 181 25—30.
2084 127 2212 191 401

189 285 369 350 enim
418 305 642 350 omnes
690 284 895 369 anxii,
950 286 1059 370 qui
1106 290 1434 370 anguntur
1480 286 1852 371 aliquando,
1905 308 2063 367 nec,
2105 289 2218 373 qui

191 373 396 457 anxii,
444 393 697 457 semper
742 376 1096 458 anguntur,
1149 378 1225 438 ut
1276 374 1448 438 inter
1489 375 1871 440 ebrietatem
1921 381 1982 440 et
2029 377 2218 441 ebrio-

188 463 436 526 sitatem
498 461 792 540 interest,
860 461 1159 547 aliudque
1231 465 1332 526 est
1396 466 1750 529 amatorem
1813 484 1980 547 esse,
2045 463 2218 528 aliud

193 553 540 614 amantem.
630 549 845 633 Atque
890 548 1053 614 haec
1100 550 1376 615 aliorum
1423 551 1505 616 ad
1553 551 1714 616 alios
1760 552 2023 617 morbos
2073 573 2218 636 pro-

139 660 163 703 ε
195 638 454 702 olivitas
519 637 653 702 late
714 640 927 720 patet3
991 659 1142 703 narn
1203 638 1488 721 pertinet
1551 639 1632 704 ad
1687 661 1908 705 omnes
1966 645 2216 724 pertur-

192 725 519 811 bationes3
572 725 646 790 in
700 725 923 789 multis
979 725 1175 790 etiam
1230 726 1410 790 vitiis
1467 731 1759 811 apparet,
1820 726 1933 792 sed
1978 749 2215 792 nomen
2252 739 2318 788 28

192 835 295 878 res
340 834 477 878 non
520 812 736 877 habet.
829 811 1008 897 Ergo
1056 816 1122 878 εὴ
1164 814 1372 878 invidi
1417 817 1483 879 et
1527 815 1816 880 malivoli
1865 817 1958 896 [et
2001 816 2214 898 lividi]

194 905 261 967 εὴ
313 899 530 964 timidi
584 904 650 966 εὴ
702 900 1147 966 misericordes
1157 952 1175 986 ,
1238 902 1389 987 quia
1432 903 1748 986 proclives
1795 903 1878 968 ad
1924 925 2032 968 eas
2076 926 2218 988 per-

192 989 625 1073 turbationes,
668 1010 802 1056 non
848 989 1000 1075 quia
1044 1010 1326 1075 semper,
1377 989 1688 1058 feruntur.
1790 989 1971 1056 Haec
2016 992 2218 1076 igitur

118 1101 169 1142 ιο
193 1077 573 1162 proclivitas
646 1076 729 1141 ad
794 1098 983 1142 suum
1055 1077 1350 1162 quodque
1415 1097 1619 1161 genus
1685 1101 1725 1144 a
1795 1079 2215 1144 similitudine

196 1165 483 1248 corporis
550 1165 911 1250 aegrotatio
976 1165 1254 1248 dicatur,
1320 1165 1475 1231 dum
1538 1187 1615 1232 ea
1665 1167 2080 1251 intellegatur
2136 1168 2217 1233 ad

196 1252 664 1336 aegrotandum
718 1253 1113 1336 proclivitas.
1222 1249 1349 1318 Sed
1410 1253 1571 1318 haec
1632 1254 1701 1319 in
1754 1255 1944 1320 bonis
2005 1256 2218 1342 rebus,

194 1340 367 1426 quod
423 1341 537 1404 alii
593 1340 675 1406 ad
731 1341 861 1404 alia
910 1341 1084 1406 bona
1128 1344 1281 1406 sunt
1327 1341 1637 1425 aptioreS,
1694 1341 2056 1408 facilitas
2099 1366 2217 1409 no-

193 1428 496 1511 minetur,
530 1428 600 1492 in
625 1428 817 1494 malis
853 1428 1346 1512 proclivitas,
1382 1432 1456 1493 ut
1485 1429 1802 1514 significet
1835 1430 2216 1515 lapsionem,
2339 1450 2350 1464 ·

117 1541 168 1582 15
194 1517 265 1582 in
307 1516 553 1582 neutris
597 1515 839 1581 habeat
886 1517 1176 1600 superius
1219 1537 1476 1581 nomen.

328 1603 469 1682 Quo
500 1603 692 1669 modo
729 1607 947 1669 autem
983 1603 1052 1668 in
1089 1625 1357 1687 corpore
1397 1606 1496 1668 est
1530 1605 1812 1689 morbus,
1850 1609 1951 1671 est
1988 1625 2216 1689 aegro·
2240 1603 2320 1667 13

193 1693 387 1776 tatio,
443 1694 543 1757 est
586 1692 843 1776 vitium,
898 1691 992 1757 sic
1034 1692 1103 1756 in
1150 1691 1384 1756 animo,
1475 1690 1822 1758 Morbum
1881 1693 2218 1778 appellant

191 1780 395 1846 totius
424 1781 709 1864 corporis
745 1779 1241 1864 corruptionem,
1271 1780 1888 1863 aegrotationem
1915 1782 2215 1846 morbum

195 1890 342 1934 cum
387 1867 863 1952 imbecillitate,
907 1867 1214 1951 vitium,
1260 1889 1407 1932 cum
1450 1870 1670 1952 partes
1708 1869 1996 1953 corporis
2041 1869 2214 1934 inter
2251 1891 2319 1940 29

27 2001 49 2024 0
116 1981 169 2022 ιο
196 1977 264 2020 se
310 1955 656 2035 dissident,
712 1977 790 2021 ex
845 1977 969 2041 quo
1025 1955 1316 2039 pravitas
1370 1956 1834 2041 membrorum,
1894 1957 2214 2042 distortio,

196 2043 594 2109 deformitas.
689 2042 916 2128 Itaque
980 2043 1096 2107 illa
1160 2042 1312 2127 duo,
1376 2044 1640 2108 morbus
1705 2047 1772 2109 et
1835 2046 2215 2130 aegrotatio,

196 2153 273 2197 ex
326 2131 529 2196 totius
583 2130 974 2196 valetudinis
1030 2131 1320 2215 corporis
1376 2132 1916 2217 conquassatione
1962 2136 2029 2198 et
2072 2155 2214 2217 per-

192 2219 562 2284 turbatione
599 2219 985 2305 gignuntur,
1029 2218 1261 2284 vitium
1299 2223 1516 2285 autem
1552 2220 1808 2306 integra
1842 2220 2214 2285 valetudine

142 2333 149 2337 ·
192 2308 410 2392 ipsum
464 2328 542 2372 ex
597 2329 666 2372 se
721 2307 1023 2371 cernitur.
1126 2304 1252 2372 Sed
1311 2307 1379 2371 in
1435 2308 1653 2373 animo
1707 2311 1968 2373 tantum
2020 2308 2214 2374 modo

118 2422 167 2463 85
197 2395 591 2480 cogitatione
644 2416 987 2478 possumus
1032 2395 1331 2459 morbum
1378 2396 1459 2460 ab
1517 2396 1962 2480 aegrotatione
2008 2397 2214 2460 seiun-

192 2504 373 2568 gere3
438 2483 836 2548 vitiositas
894 2484 1112 2547 autem
1166 2485 1265 2547 est
1323 2482 1584 2548 habitus
1641 2482 1756 2548 aut
1810 2483 2086 2547 adfectio
2145 2483 2215 2546 in

190 2575 336 2636 tota
397 2570 533 2635 vita
594 2571 965 2635 inconstans
1029 2573 1096 2635 εὴ
1158 2591 1197 2634 a
1266 2591 1334 2634 se
1397 2571 1541 2654 ipsa
1603 2570 2006 2635 dissentiens.
2113 2569 2216 2635 Ita

191 2659 297 2743 fit,
342 2661 417 2723 ut
460 2658 531 2723 in
566 2658 773 2723 altera
808 2658 1222 2742 corruptione
1261 2657 1640 2741 opinionum
1671 2658 1938 2723 morbus
1977 2656 2214 2722 efficia-

191 2751 300 2812 tur
339 2750 406 2811 et
442 2747 819 2832 aegrotatio,
857 2746 927 2810 in
955 2747 1161 2811 altera
1196 2746 1636 2811 inconstantia
1672 2748 1739 2810 εὴ
1765 2746 2214 2830 repugnantia.

116 2859 167 2900 so
191 2833 346 2900 Non
394 2834 565 2899 enim
612 2855 803 2899 omne
848 2834 1079 2899 vitium
1132 2835 1310 2919 paris
1366 2832 1566 2899 habet
1621 2832 2082 2913 dissensiones,
2141 2836 2218 2898 ut

193 2943 444 3005 eorum,
489 2923 601 3007 qui
634 2943 768 2988 non
811 2922 1005 3005 longe
1042 2945 1082 2988 a
1118 2921 1438 3007 sapientia
1484 2922 1747 3003 absunt,
1795 2920 2070 2987 adfectio
2117 2925 2218 2987 est

189 3011 305 3076 illa
361 3009 621 3095 quidem
675 3010 1045 3094 discrepans
1101 3010 1229 3075 sibi
1284 3011 1460 3094 ipsa,
1513 3009 1665 3074 dum
1720 3013 1820 3074 est
1881 3009 2216 3094 insipiens,

191 3098 304 3164 sed
359 3119 495 3163 non
549 3098 827 3163 distorta
868 3119 986 3163 nec
1038 3119 1259 3181 prava.
1347 3095 1563 3162 Morbi
1620 3100 1835 3162 autem
1881 3100 1948 3161 εὴ
1992 3118 2214 3182 aegro-

189 3187 474 3251 tationes
538 3190 757 3271 partes
821 3187 974 3250 sunt
1039 3185 1452 3269 vitiositatis,
1516 3185 1631 3250 sed
1692 3185 2212 3270 perturbationes

114 3299 165 3340 ⁸5
192 3275 407 3340 sintne
464 3273 750 3339 eiusdem
802 3275 1023 3358 partes
1033 3322 1051 3356 ,
1106 3273 1397 3358 quaestio
1452 3275 1568 3338 est.
1656 3271 1840 3337 Vitia
1886 3272 2058 3336 enim
2104 3271 2212 3335 ad·
2249 3291 2318 3340 30

190 3362 506 3426 sectiones
571 3364 722 3427 sunt
786 3363 1144 3444 manentes,
1207 3361 1730 3444 perturbationes
1795 3363 2014 3425 autem
2077 3379 2212 3423 mo·

192 3453 441 3533 ventes,
486 3452 561 3514 ut
604 3470 738 3514 non
779 3448 1034 3533 possint
1077 3448 1514 3513 adfectionum
1548 3446 1950 3512 manentium
1993 3448 2211 3530 partes

298 3551 516 3594 orc.1v.
545 3554 582 3594 ι.
1713 3553 1780 3603 26
