2609 3884
742 196 877 253 LIB.
916 198 1010 255 1V.
1067 198 1222 255 CAP.
1262 204 1433 253 1—3.
1488 204 1517 265 8
1558 205 1727 285 1-6,
2112 198 2242 265 203

209 360 358 423 fuit
404 360 564 425 haec
618 360 940 425 institutio
951 411 970 446 ,
1021 361 1092 425 in
1145 383 1272 447 qua
1318 361 1793 425 animadvertas
1845 361 2041 426 velim
2090 362 2241 446 quid

216 447 614 513 mutandum
659 451 845 532 putes
890 470 1010 514 nec
1047 451 1374 532 exspectes
1383 499 1401 533 ,
1447 449 1601 514 dum
1637 448 1718 513 ad
1755 450 1973 514 omnia
2017 449 2244 535 dicam,

219 558 399 619 quae
457 558 495 600 a
546 540 612 600 te
669 536 841 601 dicta
887 540 1062 619 sunt3
1117 537 1419 601 universa
1464 536 1636 600 enim
1684 536 1945 602 illorum
1990 538 2242 603 ratione

219 646 378 687 611111
423 627 566 689 tota
604 626 819 688 vestra
857 624 1328 709 confligendum
1362 628 1539 707 puto.
1612 622 1736 699 Qui
1773 646 1917 690 cum
1954 626 2246 690 viderent

151 712 490 776 51181108
535 733 673 777 esse
717 715 934 795 116108,
988 715 1063 776 111
1107 715 1174 776 61
1217 712 1642 777 6011111111111161·
1687 713 1769 777 ad
1814 734 1922 778 668
1968 713 2241 778 virtutes

223 799 374 881 apti
420 820 701 864 6886111118
711 849 730 884 ,
784 822 948 884 quae
992 803 1185 864 notae
1230 800 1644 883 illustresque
1690 804 1867 884 sunt,
1926 801 2243 866 iustitiam

223 887 404 970 dico,
456 888 982 972 temperantiam,
1054 891 1301 953 ceteras
1374 888 1631 971 generis
1706 888 1989 953 eiusdem
2051 885 2242 974 (quae

223 996 456 1039 omnes
504 975 744 1039 similes
801 976 1037 1040 artium
1090 975 1480 1060 reliquarum
1536 975 1810 1039 materia
1861 980 2115 1041 tantum
2161 976 2244 1041 ad

223 1063 566 1127 meliorem
601 1065 853 1145 partem
890 1066 958 1127 et
989 1063 1375 1127 tractatione
1411 1061 1759 1148 differunt),
1798 1085 2031 1147 easque
2066 1065 2241 1147 ipsas

131 1175 193 1215 ιο
223 1150 506 1215 virtutes
542 1151 832 1215 viderent
865 1172 984 1215 nos
1022 1150 1539 1235 magnificentius
1577 1154 1879 1234 appetere
1916 1156 1981 1216 et
2019 1152 2241 1217 arden-

225 1240 382 1320 11118,
417 1238 656 1303 habere
693 1238 890 1302 etiam
923 1238 1186 1304 insitam
1224 1238 1550 1323 quandam
1573 1238 1676 1302 vel
1702 1240 1919 1322 potius
1953 1239 2243 1304 innatam

228 1326 651 1409 cupiditatem
688 1327 992 1391 scientiae
1026 1329 1342 1409 natosque
1379 1347 1520 1390 6886
1559 1326 1641 1390 ad
1674 1328 2242 1411 congregationem

226 1414 568 1477 hominum
623 1418 689 1478 et
733 1413 814 1478 ad
859 1415 1233 1479 societatem
1277 1414 1927 1498 communitatemque
1987 1416 2242 1499 generis

225 1502 526 1585 humani,
582 1523 804 1586 eaque·
832 1502 904 1565 in
957 1501 1256 1566 maximis
1309 1501 1588 1586 ingeniis
1643 1503 1921 1566 maxime
1977 1504 2244 1586 elucere,

141 1615 201 1655 15
229 1594 445 1655 totam
498 1589 978 1672 philosophiam
1033 1590 1157 1653 tris
1212 1589 1283 1653 in
1336 1589 1543 1671 partis
1603 1589 1985 1672 diviserunt,
2049 1612 2243 1674 quam

231 1677 650 1761 partitionem
689 1700 728 1741 a
765 1677 1018 1742 Zenone
1053 1698 1195 1740 esse
1229 1680 1553 1741 retentam
1587 1676 1895 1741 videmus.
1960 1674 2243 1751 Quarum

232 1786 382 1829 cum
425 1786 555 1829 una
601 1766 712 1848 sit,
769 1787 897 1849 qua
939 1786 1150 1829 mores
1198 1763 1589 1828 conformari
1632 1766 1970 1846 putantur,
2020 1764 2243 1828 differo

235 1875 380 1917 eam
421 1856 701 1937 partem,
755 1874 916 1935 quae
961 1852 1146 1935 quasi
1202 1854 1400 1935 stirps
1448 1854 1547 1915 est
1590 1850 1782 1915 huius
1827 1851 2245 1935 quaestionis,

236 1940 362 2017 Qui
415 1941 503 2005 sit
557 1942 726 2004 enim
779 1940 925 2003 finis
985 1940 1330 2021 bonorum,
1384 1960 1559 2021 mox,
1612 1938 1736 2003 hoc
1788 1938 1932 2002 loco
1986 1942 2245 2003 tantum

150 2056 210 2096 20
237 2029 378 2093 dico
386 2079 404 2112 ,
463 2050 502 2093 a
544 2027 870 2093 veteribus
916 2025 1365 2110 Peripateticis
1410 2026 1966 2109 Academicisque,
2020 2027 2129 2110 qui
2173 2048 2243 2090 re

237 2116 710 2181 consentientes
753 2114 1086 2180 vocabulis
1127 2114 1539 2197 differebant,
1585 2135 1732 2177 eum
1776 2114 2009 2197 locum,
2055 2135 2244 2198 quem

237 2204 496 2269 civilem
549 2208 720 2267 recte
776 2202 1166 2286 appellaturi
1217 2201 1533 2284 videmur,
1598 2199 1826 2266 Graeci
1879 2198 2243 2283 πολιτικόν,

239 2292 522 2376 graviter
566 2295 631 2355 et
675 2292 937 2373 copiose
982 2311 1121 2355 esse
1165 2294 1535 2354 tractatum.

372 2377 578 2454 Quam
623 2380 832 2443 multa
881 2378 983 2442 illi
1037 2378 1113 2441 de
1158 2398 1227 2441 re
1271 2377 1533 2460 publica
1576 2377 1999 2459 scripserunt,
2048 2397 2242 2460 quam

157 2494 213 2535 25
240 2466 445 2531 multa
497 2466 573 2531 de
627 2466 908 2549 legibus!
963 2487 1159 2550 quam
1203 2465 1412 2529 multa
1458 2486 1589 2529 non
1634 2464 1848 2528 solum
1900 2465 2246 2547 praecepta

237 2556 309 2618 in
361 2554 634 2635 artibus,
697 2554 810 2618 sed
865 2553 1062 2617 etiam
1127 2552 1423 2635 exempla
1483 2552 1552 2616 in
1620 2551 2019 2616 orationibus
2083 2550 2244 2614 bene

240 2640 487 2706 dicendi
521 2643 937 2725 reliquerunt!
1001 2636 1293 2704 Primum
1330 2639 1503 2703 enim
1538 2639 1847 2723 ipsailla,
1897 2659 2059 2721 quae
2098 2639 2245 2701 sub-

239 2729 444 2793 tiliter
487 2728 861 2793 disserenda
904 2732 1088 2792 erant
1096 2777 1114 2810 ,
1168 2728 1373 2811 polite
1430 2729 1705 2810 apteque
1750 2726 2047 2790 dixerunt
2102 2729 2245 2789 tum

242 2815 643 2899 definientes,
693 2818 835 2880 tum
878 2817 1261 2899 partientes,
1316 2818 1391 2879 ut
1433 2815 1636 2878 vestri
1691 2814 1914 2897 etiam,
1970 2811 2082 2877 sed
2126 2834 2244 2877 vos

163 2928 220 2968 80
245 2903 618 2988 squalidius,
661 2903 922 2967 illorum
966 2903 1144 2968 vides
1189 2924 1385 2985 quam
1424 2902 1635 2965 niteat
1680 2901 1905 2965 oratio.
1993 2899 2243 2965 Deinde

244 3013 343 3074 66,
396 3012 556 3076 quae
608 2990 1022 3074 requirebant
1075 2990 1434 3055 orationem
1488 2991 1787 3053 ornatam
1842 2991 1908 3052 et
1965 3008 2244 3072 gravem,

245 3100 430 3164 quam
477 3078 819 3163 magnifice
863 3081 1016 3141 sunt
1059 3077 1234 3142 dicta
1277 3076 1359 3141 ab
1418 3075 1575 3159 illis,
1631 3097 1825 3159 quam
1882 3074 2245 3159 splendide!

246 3167 321 3230 de
353 3166 626 3249 iustitia,
664 3165 741 3229 de
777 3165 1231 3248 temperantia,
1277 3164 1357 3227 de
1390 3162 1789 3247 fortitudine,
1825 3163 1904 3228 de
1940 3162 2247 3245 amicitia,

245 3253 318 3317 de
369 3256 582 3317 aetate
628 3252 944 3337 degenda,
998 3252 1075 3316 de
1120 3250 1563 3335 philosophia,
1614 3250 1691 3314 de
1736 3249 2131 3334 capessenda
2175 3269 2245 3311 re

171 3366 223 3407 35
247 3342 523 3425 publica,
576 3340 913 3405 hominum
975 3359 1084 3404 nec
1147 3340 1367 3422 spinas
1430 3338 1828 3419 vellentium,
1891 3340 1966 3400 ut
2030 3334 2247 3417 Stoici,

245 3450 355 3493 1166
409 3450 562 3494 0886
613 3428 1023 3510 nudantium,
1080 3427 1191 3492 sed
1237 3447 1487 3503 eorum,
1543 3426 1651 3508 qui
1706 3423 1975 3508 grandia
2020 3425 2245 3487 ornate

244 3517 502 3602 vellent,
565 3516 894 3581 enucleate
955 3515 1206 3579 minora
1269 3514 1492 3577 dicere.
1589 3510 1814 3595 Itaque
1871 3529 2034 3594 quae
2092 3510 2245 3571 sunt

2280 639 2313 687 4

2281 2922 2314 2969 6
