2609 3884
279 823 361 885 14

387 128 518 192 340
775 127 1374 185 TUSCULANARUM
1410 129 2013 185 DISPUTATIONUM

382 289 851 376 comitibusque
905 292 1069 377 ciue,
1121 290 1559 376 magnitudini
1618 291 1844 374 animi,
1898 292 2235 376 gravitati,
2292 315 2409 376 pa-

380 378 673 462 tientiae,
725 401 943 444 rerum
997 379 1429 445 humanarum
1494 379 1952 463 despicientiae
2015 402 2140 464 quo
2207 381 2407 448 modo

377 466 842 550 respondebis?
889 466 1269 532 adflictusne
1308 472 1376 533 et
1416 467 1635 532 iacens
1679 471 1747 533 et
1790 467 2200 533 lamentabili
2244 491 2408 534 voce

379 553 722 637 deplorans
760 554 1007 620 audies:
1055 554 1142 620 Ὃ
1179 555 1391 620 virum
1434 554 1778 621 forteml'?
1843 554 1933 620 Te
1970 577 2121 621 vero
2158 556 2256 620 ita
2294 557 2404 622 ad-

377 641 618 706 fectum
652 665 736 708 ne
772 643 986 708 virum
1024 642 1281 728 quidem
1320 643 1656 728 quisquam
1694 643 1943 708 dixerit.
2014 644 2404 710 Amittenda
2432 676 2459 716 5

375 730 579 814 igitur
622 731 935 796 fortitudo
983 734 1083 796 est
1127 733 1242 796 aut
1287 731 1691 815 sepeliendus
1738 730 1935 797 dolor.

507 817 761 903 Ecquid
797 821 921 884 scis
965 820 1194 905 igitur,
1240 819 1299 884 si
1346 818 1497 904 quid
1536 818 1612 884 de
1660 816 2017 886 Corinthiis
2063 820 2194 884 tuis
2244 822 2404 885 ami-

377 906 566 990 seris,
610 929 802 990 posse
846 907 1087 972 habere
1131 911 1198 972 te
1241 907 1562 992 reliquam
1609 907 2078 990 supellectilem
2128 909 2401 993 salvam,

375 995 686 1058 virtutem
751 998 967 1059 autem
1031 996 1089 1060 si
1151 1016 1348 1059 unam
1414 995 1707 1059 amiseris
1772 992 1927 1080 (etsi
1990 995 2204 1060 amitti
2264 1018 2402 1063 non

374 1084 596 1164 potest
655 1079 916 1168 virtus),
988 1082 1102 1147 sed
1165 1084 1224 1148 si
1286 1105 1485 1148 unam
1548 1082 1881 1148 confessus
1945 1084 2071 1147 eris
2136 1087 2202 1148 te
2267 1107 2403 1150 non
2429 1117 2477 1155 ιο

271 1180 340 1230 33
379 1169 634 1253 habere,
667 1169 914 1234 nullam
951 1192 1093 1236 esse
1128 1174 1196 1236 te
1231 1170 1651 1236 habiturum?
1712 1169 1890 1238 Num
1921 1171 2135 1255 igitur.
2157 1171 2401 1238 fortem

375 1257 614 1341 virum,
685 1279 842 1322 num
914 1279 1150 1344 magno
1224 1259 1471 1342 animo,
1548 1280 1707 1322 num
1776 1259 2160 1344 patientem,
2240 1282 2403 1326 num

377 1363 670 1429 gravem,
714 1366 871 1411 num
916 1345 1204 1412 humana
1239 1350 1755 1412 contemnentem
1794 1350 1981 1430 potes
2027 1347 2241 1412 dicere
2288 1353 2403 1414 aut

376 1431 808 1499 Philoctetam
853 1434 1041 1500 illum
1085 1434 1218 1499 —‘?
1269 1457 1309 1499 a
1353 1437 1419 1499 te
1457 1435 1629 1499 enim
1666 1435 1836 1500 malo
1883 1434 2239 1521 discedere3
2286 1438 2404 1503 sed

373 1521 486 1585 ille
533 1526 703 1587 certe
747 1544 880 1588 non
923 1523 1142 1608 fortis,
1187 1523 1299 1606 qui
1344 1523 1511 1586 iacet
1691 1558 1698 1563 -
2428 1554 2477 1594 15
2535 1606 2549 1622 ἱ

1435 1646 1514 1709 in
1556 1647 1767 1709 tecto
1812 1645 2095 1726 timide,

507 1731 719 1808 Quod
766 1733 1087 1818 eiulatu,
1133 1734 1437 1818 questu,
1482 1733 1799 1819 gemitu,
1843 1732 2294 1801 fremitibus

506 1819 962 1886 Resonando
1011 1826 1300 1886 mutum
1346 1820 1650 1885 flebilis
1696 1823 1924 1886 voces
1968 1822 2226 1888 refert.

371 1958 525 2025 Non
570 1981 690 2044 ego
738 1961 1030 2026 dolorem
1075 1961 1365 2026 dolorem
1406 1982 1545 2026 esse
1591 1982 1757 2047 nego
1805 1959 1945 2044 (cur
1990 1962 2163 2027 enim
2207 1964 2399 2030 forti-

372 2047 530 2112 tudo
580 2048 1048 2113 desideraretur
1058 2047 1149 2134 ?),
1195 2049 1308 2114 sed
1354 2070 1501 2114 eum
1536 2049 1819 2134 opprimi
1862 2050 2006 2115 dico
2055 2052 2397 2138 patientia,
2424 2083 2475 2123 ιο

374 2135 432 2199 si
477 2134 669 2200 modo
715 2139 816 2199 est
859 2136 1080 2219 aliqua
1121 2137 1467 2220 patientia3
1516 2138 1572 2202 si
1616 2136 1795 2202 nulla
1839 2141 1963 2219 est,
2009 2139 2165 2222 quid
2212 2161 2397 2206 exor-

371 2242 638 2374 namus?
665 2223 2399 2382 Phlii'bmiozhiddllorausselqssbffligtussarlrlgmdlilenuffllggicezi

373 2331 824 2484 {fflugsgulum
871 2331 974 2464 sgiln
1018 2361 1241 2466 tectus,
1264 2399 1623 2466 ‘Volcaniis
1662 2364 1910 2484 armis'’,
1955 2402 2023 2466 id
2062 2405 2163 2468 est
2207 2368 2397 2470 fortis

370 2487 622 2573 tudine,
675 2488 933 2572 resiste3
988 2486 1150 2553 haec
1204 2489 1377 2553 enim
1430 2493 1522 2574 te,
1574 2489 1705 2554 nisi
1749 2489 1843 2554 ita
1884 2489 2110 2574 facies,
2169 2497 2395 2559 custos
2423 2521 2471 2562 25

268 2587 339 2637 34
375 2575 714 2661 dignitatis
751 2575 1070 2661 relinquet
1115 2579 1180 2642 et
1224 2577 1495 2642 deseret.
1581 2575 1845 2642 Oretum
1890 2576 2149 2662 quidem
2192 2580 2398 2666 leges,

375 2686 533 2749 quas
578 2666 704 2730 sive
745 2664 1030 2748 Iuppiter
1075 2664 1210 2729 sive
1253 2663 1467 2731 Minos
1514 2665 1729 2730 sanxit
1783 2664 1861 2729 de
1905 2664 2080 2732 Iovis
2136 2669 2400 2751 quidem

373 2753 719 2835 sententia,
758 2757 834 2816 ut
869 2756 1101 2837 poetae
1136 2752 1373 2837 ferunt,
1416 2753 1700 2838 itemque
1735 2751 2017 2839 Lycurgi
2053 2755 2395 2824 laboribus

373 2837 674 2903 erudiunt
742 2840 1144 2905 iuventutem
1163 2890 1182 2924 ,
1252 2840 1544 2907 venando
1618 2842 1928 2906 currendo
1946 2892 1965 2925 ,
2052 2845 2394 2911 esuriendo

373 2925 676 3006 sitiendo,
733 2927 1010 3010 algendo
1067 2929 1438 2994 aestuando,
1539 2926 1810 3013 Spartae
1864 2951 2017 2995 vero
2070 2933 2255 3016 pueri
2312 2935 2397 2999 ad
2423 2962 2472 3003 so

372 3034 553 3078 aram
598 3013 692 3077 sic
737 3013 1112 3079 verberibus
1160 3017 1590 3101 accipiuntur,

500 3133 604 3199 Ut
647 3135 932 3200 multus
980 3157 1014 3200 e
1059 3137 1493 3205 visceribus
1541 3141 1864 3225 sanguis
1911 3142 2155 3229 e‘xeat,

369 3296 502 3339 non
553 3296 904 3360 numquam
960 3277 1183 3362 etiam,
1237 3283 1336 3362 ut,
1392 3301 1538 3345 cum
1590 3282 1682 3346 ibi
1737 3302 1970 3367 essem,
2030 3283 2397 3370 audiebam,

372 3361 456 3426 ad
509 3383 756 3447 necem3
820 3387 1091 3448 quorum
1144 3387 1279 3430 non
1333 3368 1524 3433 modo
1578 3391 1768 3434 nemo
1825 3372 2209 3438 exclamavit
2253 3395 2398 3439 um-

373 3470 594 3534 quam,
665 3451 777 3516 sed
838 3475 920 3518 ne
983 3453 1304 3537 ingemuit
1367 3455 1639 3537 quidem.
1761 3457 1928 3535 Quid
1991 3459 2193 3544 ergo?
2265 3460 2396 3527 hoc
2422 3489 2473 3529 ³⁵
