2609 3884
737 171 1337 227 LIB...—110AP5
1270 177 1670 238 —7512—
1603 177 1767 229 -.1‘1
2134 175 2264 240 333

239 335 440 403 variis
478 332 840 417 disciplinis
877 332 1417 418 philosophorum
1452 334 1699 417 loquar.
1762 333 2048 410 Quorum
2085 337 2264 420 prin-

242 445 396 508 ceps
426 427 494 488 et
521 422 907 487 auctoritate
935 424 1003 486 et
1027 422 1435 506 antiquitate,
1472 418 1837 487 Socraticus
1874 421 2265 509 Aristippus,

241 533 376 577 non
412 510 739 576 dubitavit
774 531 1096 574 summum
1122 511 1367 575 malum
1404 509 1692 575 dolorem
1720 509 1948 576 dicere.
2014 510 2265 578 Deinde

243 600 327 665 ad
388 599 558 664 hanc
621 601 994 663 enervatam
1056 597 1562 687 muliebremque
1642 599 2032 665 sententiam
2104 603 2265 666 satis

181 712 218 752 ε»
246 687 518 754 docilem
579 708 649 752 se
699 685 1018 770 Epicurus
1084 684 1401 770 praebuit.
1509 685 1701 752 Hunc
1761 691 1913 771 post
1971 686 2265 755 Rhodius

242 775 684 877 Hieronymus
767 774 988 840 dolore
1057 795 1286 839 vacare
1361 796 1683 840 summum
1752 775 1995 841 bonum
2075 777 2263 864 dixit3

241 867 501 928 tantum
559 863 630 927 in
689 861 908 928 dolore
967 862 1152 926 duxit
1206 863 1383 928 mali.
1489 861 1704 929 Ceteri
1756 867 2011 949 praeter
2064 829 2265 932 Zeno·

241 973 419 1036 nem,
473 950 880 1034 Aristonem,
931 949 1335 1034 Pyrrhonem
1388 951 1561 1016 idem
1614 951 1776 1034 fere,
1840 952 2011 1038 quod
2073 954 2264 1020 modo

243 1044 344 1124 tu,
399 1039 644 1104 malum
698 1038 862 1102 illud
918 1039 1200 1122 quidem,
1257 1039 1369 1104 sed
1424 1039 1555 1103 alia
1605 1002 1845 1124 peioia.
1934 1039 2144 1126 Ergo,
2197 1042 2265 1107 id

161 1154 218 1192 ιο
245 1127 418 1213 quod
461 1131 698 1192 natura
749 1126 896 1210 ipsa
943 1129 1008 1191 et
1067 1127 1385 1210 quaedam
1429 1148 1747 1214 generosa
1788 1129 1993 1194 virtus
2040 1131 2267 1196 statim

241 1216 519 1299 respuit,
573 1236 656 1283 ne
703 1215 952 1280 scilicet
1005 1215 1294 1280 dolorem
1350 1237 1671 1281 summum
1725 1216 1971 1282 malum
2024 1217 2265 1284 diceres

245 1304 672 1405 oppositoque
753 1303 1061 1368 dedecore
1145 1304 1471 1369 sententia
1542 1304 1934 1389 depellerere
1948 1355 1967 1385 ,
2045 1306 2118 1371 in
2189 1328 2266 1372 eo

241 1390 1868 1581 333⁵&*fffzziufflfgzzsshssus1²⁰{1253232332
1911 1399 2267 1567 Essimfflg

165 1593 217 1633 15
243 1568 416 1654 quod
463 1567 735 1652 adipisci
781 1588 926 1632 cum
971 1567 1193 1633 dolore
1240 1568 1529 1651 corporis
1575 1567 1758 1652 velit,
1817 1569 1929 1652 qui
1974 1568 2266 1635 dolorem

243 1677 568 1758 summum
621 1655 869 1720 malum
923 1655 1054 1721 sibi
1104 1676 1247 1720 esse
1309 1653 1751 1739 persuaserit?
1812 1678 2007 1740 quam
2068 1678 2265 1740 porro

243 1744 389 1829 quis
442 1743 893 1828 ignominiam,
943 1759 1142 1828 quam
1194 1743 1660 1827 turpitudinem
1712 1762 1845 1808 non
1906 1744 2269 1828 pertulerit,

240 1834 320 1897 ut
363 1832 635 1916 effugiat
667 1831 980 1914 dolorem,
1026 1831 1084 1896 si
1119 1831 1188 1896 id
1225 1853 1548 1896 summum
1582 1832 1825 1896 malum
1863 1853 2004 1897 esse
2054 1832 2266 1898 decre-

243 1918 455 1986 verit?
519 1919 662 2003 quis
727 1921 946 1984 autem
1007 1941 1141 1984 non
1192 1919 1391 1984 miser
1446 1941 1581 1986 non
1636 1919 1826 1985 modo
1881 1923 2061 1998 tunc,
2121 1942 2267 1986 cum

163 2034 217 2072 ιο
242 2011 573 2092 premetur
635 2007 905 2072 summis
969 2007 1328 2092 doloribus,
1391 2009 1449 2072 si
1502 2008 1573 2071 in
1627 2007 1730 2073 his
1787 2011 1888 2072 est
1946 2030 2268 2074 summum

171 2157 175 2161 ,
245 2096 519 2180 malum,
571 2095 685 2160 sed
739 2095 938 2159 etiam
993 2117 1140 2160 cum
1193 2095 1355 2160 sciet
1406 2095 1476 2160 id
1536 2096 1664 2160 sibi
1717 2117 1911 2180 posse
1968 2097 2268 2162 evenire?

17 2175 28 2264 l
245 2188 314 2250 et
359 2182 506 2269 quis
553 2186 679 2268 est,
725 2184 829 2248 cui
864 2204 998 2249 non
1031 2182 1285 2267 possit?
1366 2182 1472 2249 Ita
1515 2183 1617 2267 fit,
1662 2187 1737 2248 ut
1774 2185 2040 2250 omnino
2076 2207 2267 2251 nemo

245 2293 388 2338 esse
432 2271 642 2356 possit
686 2271 932 2336 beatus.
1021 2269 1431 2338 Metrodorus
1478 2270 1738 2356 quidem
1787 2273 2073 2356 perfecte
2120 2295 2268 2338 eum

242 2360 511 2426 beatum
554 2361 771 2444 putat,
816 2360 920 2424 cui
967 2380 1196 2443 corpus
1239 2360 1406 2424 bene
1451 2361 1876 2425 constitutum
1922 2361 2009 2425 sit
2054 2364 2121 2427 et
2166 2383 2269 2426 ex-

166 2474 218 2514 85
241 2449 576 2602 pgoratqm
626 2447 766 2600 ἐξα
781 2469 1035 2598 sempe?-
1086 2447 1250 2599 fore5
1344 2447 1503 2525 Quis
1552 2452 1771 2514 autem
1817 2451 1918 2513 est
1960 2448 2111 2533 iste,
2167 2450 2271 2514 cui

242 2559 268 2602 ι
357 2559 438 2601 ex
513 2557 626 2601 ora
856 2557 990 2601 ossi
1066 2557 1206 2600 esse

377 2558 699 2708 Egicurus
771 2558 924 2689 vEro
999 2644 1076 2688 ea
1145 2623 1329 2707 dicit,
1400 2625 1476 2688 ut
1539 2623 1701 2687 mihi
1773 2622 2033 2706 quidem
2097 2622 2268 2689 risus

245 2716 511 2796 captare
572 2711 884 2777 videatur.
998 2710 1325 2775 Adfirmat
1384 2711 1556 2776 enim
1626 2710 1904 2795 quodam
1968 2710 2139 2794 loco,
2212 2712 2271 2777 si

246 2804 475 2866 uratur
511 2799 790 2884 sapiens,
835 2799 893 2864 si
930 2798 1367 2864 crucietur—
1415 2803 1748 2883 exspectas
1783 2798 2081 2884 fortasse,
2118 2798 2271 2865 dum

170 2913 221 2954 so
246 2888 449 2954 dicat.
523 2887 864 2971 patietur,
933 2887 1237 2971 perferet,
1310 2908 1443 2952 non
1518 2886 1951 2972 succumbet,
2029 2898 2271 2973 magna

246 2976 613 3042 mehercule
658 2976 801 3040 laus
846 2977 914 3040 et
957 2997 1034 3040 eo
1079 2975 1260 3059 ipso,
1303 2997 1422 3058 per
1465 2997 1654 3060 quem
1697 2975 1933 3060 iuravi,
1976 2974 2269 3058 Hercule,

246 3064 482 3150 digna!
530 3063 644 3129 sed
685 3062 742 3127 Ε
747 3084 1001 3148 1cu10,
1053 3062 1306 3127 homini
1353 3084 1581 3147 aspero
1642 3067 1709 3128 et
1756 3063 1945 3146 duro,
1990 3085 2122 3128 non
2166 3067 2268 3128 est

243 3152 373 3219 hoc
429 3151 617 3236 satis3
671 3151 742 3216 in
747 3086 1164 3216 pPhalaridis
1215 3151 1406 3217 tauro
1454 3151 1511 3216 si
1558 3150 1709 3235 erit,
1764 3151 1959 3216 dicet.
2023 3149 2266 3228 ‘Quam

247 3261 444 3308 suave
499 3243 624 3323 est,
676 3261 869 3324 quam
920 3239 1048 3304 hoc
1087 3255 1230 3303 ιιοιι
1283 3237 1494 3305 curo!'
1596 3236 1806 3305 Suave
1875 3236 2120 3304 etiam?
2185 3261 2268 3303 an

169 3352 219 3394 ³5
244 3349 480 3431 parum
542 3330 674 3412 est,
747 3327 804 3392 si
875 3347 1007 3391 non
1079 3327 1421 3391 amarum?
1536 3326 1631 3392 At
1698 3326 1767 3391 id
1841 3327 2098 3410 quidem
2163 3326 2268 3390 1111

243 3416 403 3501 ipsi,
474 3414 586 3501 qui
647 3377 934 3480 dolorem
995 3415 1239 3488 malum
1313 3435 1451 3480 esse
1516 3417 1786 3499 negant,
1848 3433 1983 3479 non
2054 3414 2271 3478 solent

245 3505 485 3587 dicere,
530 3503 829 3588 cuiquam
865 3524 1061 3568 suave
1097 3523 1238 3568 esse
1276 3501 1574 3587 cruciari3
1622 3521 1950 3584 asperum,
1987 3499 2273 3584 difficile,

2304 1060 2371 1110 16

2309 2291 2373 2341 1⁷

2310 2627 2348 2691 7
