2609 3884
171 1480 247 1497 A

148 2310 216 2323 -ν

395 146 525 211 162
723 146 820 200 DE
857 144 1148 200 FINIBUS
1183 142 1545 199 BONORUM
1580 142 1675 197 ΕΤ
1712 141 2075 198 MALORUM

391 307 876 373 intercesserint
915 304 1122 388 milia,
1167 308 1243 368 ut
1287 304 1574 369 omnium
1616 303 1899 368 siderum
1944 302 2196 386 eodem,
2240 302 2413 367 unde

393 396 686 479 profecta
729 394 886 476 sint,
939 393 1057 457 fiat
1103 392 1184 455 ad
1228 414 1427 456 unum
1480 395 1736 474 tempus
1782 391 2081 456 reversio,
2170 389 2409 455 Nullus

396 487 496 548 est
539 484 741 566 igitur
787 482 1164 565 cuiusquam
1211 480 1348 545 dies
1392 480 1650 545 natalia
1741 478 1855 543 At
1896 477 2230 542 habeturl'
2321 478 2413 542 Et

396 590 518 654 ego
584 570 650 634 id
705 570 950 634 scilicet
993 568 1384 632 nesciebam!
1477 565 1603 633 Sed
1646 570 1719 631 ut
1766 568 1877 649 sit,
1936 566 2213 631 etiamne
2256 568 2414 649 post

395 661 671 723 mortem
735 654 1027 722 coletur?
1099 655 1290 739 idque
1361 658 1752 719 testamento
1825 653 2082 718 cavebit
2142 655 2225 737 is,
2299 654 2411 737 qui
2444 676 2483 717 5

393 747 583 811 nobis
638 745 823 829 quasi
877 742 1209 809 oraculum
1264 742 1537 808 ediderit
1576 743 1741 807 nihil
1786 742 1867 805 ad
1911 763 2032 806 nos
2086 742 2415 825 pertinere

393 826 546 916 post
591 830 908 896 mortem?
1006 830 1186 894 Haec
1237 851 1371 894 non
1427 834 1612 894 erant
1666 830 1832 914 eius,
1888 830 1996 913 qui
2049 829 2415 893 innumera-

395 921 547 985 bilis
597 919 872 983 mundos
909 917 1324 1001 infinitasque
1360 918 1671 1002 regioneS,
1717 938 1985 1001 quarum
2021 917 2203 981 nulla
2240 921 2418 981 esset

397 1030 538 1091 ora,
573 1007 756 1071 nulla
791 1005 1192 1087 extremitas,
1227 1008 1441 1069 mente
1477 1006 1970 1089 peragravisset.
2048 1003 2222 1069 Num
2259 1005 2417 1089 quid

396 1095 529 1159 tale
583 1091 1036 1158 Democritus?
1131 1090 1223 1157 Ut
1286 1092 1449 1157 alios
1515 1093 1839 1173 omittam,
1901 1092 2073 1156 hunc
2137 1093 2418 1176 appello,
2451 1118 2517 1156 ιο

291 1200 393 1251 103
441 1203 632 1265 quem
675 1181 786 1244 ille
831 1202 1030 1245 unum
1077 1182 1335 1245 secutus
1382 1184 1499 1245 est.
1600 1142 1840 1256 Quodsi
1896 1179 2031 1244 dies
2086 1180 2416 1245 notandus

395 1268 549 1351 fuit,
603 1289 833 1334 eumne
876 1268 1094 1351 pot1us
1104 1318 1122 1351 ,
1176 1289 1302 1351 quo
1348 1270 1567 1352 natuS,
1614 1289 1699 1332 an
1745 1290 1918 1351 eum,
1973 1289 2098 1350 quo
2154 1268 2417 1351 sapiens

395 1356 606 1420 factus
661 1355 803 1420 est?
901 1354 1052 1420 Non
1104 1355 1350 1438 potuit,
1404 1356 1687 1457 inquies,
1742 1356 1882 1419 fieri
1941 1354 2222 1439 sapiens,
2283 1356 2418 1419 nisi

395 1447 588 1509 natus
635 1448 822 1507 esset.
901 1442 1039 1507 Isto
1086 1443 1303 1524 modo,
1346 1464 1428 1506 ne
1476 1443 1533 1506 si
1579 1444 1727 1507 avia
1772 1443 2029 1527 quidem
2075 1444 2210 1507 eius
2254 1447 2417 1507 nata

394 1554 529 1596 non
575 1535 760 1595 esset.
848 1519 1028 1595 Res
1024 1534 1189 1609 tota,
1248 1529 1602 1619 Torquate,
1645 1553 1779 1595 non
1824 1532 2159 1595 doctorum
2201 1530 2411 1595 homi-
2445 1556 2513 1597 15

395 1641 580 1703 num,
630 1619 800 1683 velle
852 1621 1005 1702 post
1057 1621 1333 1682 mortem
1388 1616 1595 1702 epulis
1656 1618 1967 1683 celebrari
2030 1619 2412 1683 memoriam

399 1708 500 1771 sui
557 1706 856 1771 nominis.
973 1706 1148 1781 Quos
1213 1705 1470 1789 quidem
1549 1705 1685 1769 dies
1749 1728 1942 1790 quem
2006 1706 2087 1769 ad
2147 1707 2415 1770 modum

397 1790 610 1879 agatis
658 1798 724 1858 et
757 1794 828 1857 in
864 1796 1170 1877 quantam
1207 1792 1543 1857 hominum
1577 1793 1936 1857 facetorum
1970 1794 2415 1858 urbanitatem

395 1882 766 1959 incurratiS,
818 1902 952 1945 non
1005 1880 1146 1945 dico
1205 1877 1397 1963 (nihil
1452 1901 1613 1962 opus
1668 1884 1767 1945 est
1818 1880 2097 1967 litibus);
2154 1885 2415 1946 tantum
2594 1936 2596 1949 .

397 1968 558 2053 dico,
593 1968 802 2053 magis
836 1969 1037 2032 fuisse
1064 1970 1348 2032 vestrum
1377 1988 1567 2052 agere
1599 1967 1866 2051 Epicuri
1903 1969 2073 2032 diem
2107 1969 2414 2053 natalem,
2443 1997 2505 2036 20
2594 1994 2596 2043 1

397 2077 592 2139 quam
635 2056 813 2119 illius
858 2058 1246 2119 testamento
1293 2076 1542 2138 cavere,
1586 2059 1662 2119 ut
1708 2059 2024 2141 ageretur.

531 2139 655 2206 Sed
689 2146 765 2207 ut
803 2142 884 2206 ad
921 2142 1329 2226 propositum
1374 2139 1479 2227 (de
1516 2142 1735 2207 dolore
1774 2145 1947 2208 enim
1983 2142 2127 2209 cu'm
2173 2143 2411 2208 dicere-

397 2251 539 2293 mus
549 2279 567 2313 ,
621 2229 703 2293 ad
755 2230 951 2293 istam
1008 2229 1351 2313 epistulam
1408 2230 1606 2295 delati
1652 2230 1927 2316 sumus),
1983 2252 2155 2295 nunc
2196 2233 2412 2297 totum

395 2316 556 2381 illud
610 2316 902 2382 concludi
956 2317 1048 2381 sic
1100 2316 1278 2381 licet.
1352 2316 1477 2394 Qui
1522 2319 1593 2382 in
1648 2339 1899 2383 summo
1955 2320 2126 2384 malo
2172 2323 2296 2403 est,
2348 2320 2409 2383 is
2594 2368 2596 2371 ι

394 2408 562 2488 tum,
618 2426 762 2468 cum
814 2404 884 2467 in
939 2425 1012 2470 eo
1060 2407 1180 2488 est,
1237 2427 1370 2470 non
1423 2407 1523 2469 est
1574 2405 1830 2493 beatus3
1882 2407 2136 2490 sapiens
2192 2370 2412 2471 autem
2438 2434 2500 2475 25
2594 2446 2596 2457 =

397 2513 650 2575 semper
714 2492 941 2556 beatus
1005 2495 1104 2555 est
1161 2454 1232 2555 ht
1286 2496 1386 2556 est
1440 2458 1830 2577 aliquando
1841 2495 1909 2559 in
1966 2494 2211 2577 dolore3
2274 2515 2411 2559 non

396 2584 498 2643 est
557 2579 762 2665 igitur
822 2600 1144 2644 summum
1197 2580 1440 2646 malum
1494 2580 1694 2645 dolor.
1790 2581 1931 2645 Iam
1994 2581 2159 2645 illud
2220 2582 2410 2665 quale

394 2667 656 2731 tandem
719 2670 843 2750 est,
915 2673 1088 2732 bona
1157 2668 1510 2750 praeterita
1583 2690 1716 2732 non
1786 2669 2043 2733 effluere
2116 2670 2410 2753 sapienti,

394 2755 570 2818 mala
615 2754 984 2819 meminisse
1027 2776 1166 2819 non
1208 2753 1546 2839 oportere?
1644 2755 1931 2819 Primum
1982 2756 2055 2820 in
2097 2761 2409 2821 nostrane

396 2844 496 2904 est
538 2844 894 2924 potestate,
941 2841 1095 2924 quid
1139 2841 1661 2906 meminerimus?
1757 2842 2225 2908 Themistocles
2273 2846 2409 2928 qui·
2437 2870 2495 2911 30

396 2926 566 3003 dem,
614 2948 759 2991 cum
804 2928 863 2991 ei
911 2926 1272 2993 Simonides
1312 2950 1395 2994 an
1437 2930 1577 3012 quis
1615 2929 1781 2993 alius
1820 2934 2024 2994 artem
2060 2933 2408 2996 memoriae

395 3013 824 3113 polliceretur,
863 3012 1272 3079 ‘Oblivionis'
1277 3016 1556 3099 ,inquit,
1594 3015 1891 3081 ‘.mallem
1944 3017 2117 3083 Nam
2144 3020 2411 3084 memini

399 3099 620 3183 etiam,
665 3122 829 3184 quae
873 3102 1055 3184 nolo,
1121 3102 1419 3168 oblivisci
1461 3124 1594 3168 non
1646 3126 1941 3188 possum,
1998 3127 2159 3190 quae
2214 3105 2408 3171 volo?

288 3206 395 3255 105
441 3186 684 3271 Magno
731 3187 837 3252 hic
890 3187 1182 3272 ingeniO,
1236 3190 1347 3253 sed
1391 3212 1494 3255 res
1540 3213 1608 3255 se
1653 3195 1874 3256 tamen
1921 3192 2013 3257 sic
2056 3193 2281 3276 habet,
2334 3198 2409 3258 ut

394 3275 590 3339 nimis
627 3274 957 3358 imperiosi
991 3275 1365 3360 philosophi
1402 3278 1491 3342 sit
1524 3282 1741 3343 vetare
1774 3279 2157 3345 meminisse.
2221 3279 2407 3364 Vide,
2434 3308 2487 3349 35

349 3383 474 3428 ne
539 3361 668 3426 ista
729 3361 862 3426 sint
913 3360 1251 3427 Manliana
1306 3368 1525 3429 vestra
1587 3370 1699 3429 aut
1750 3368 1999 3431 maiora
2062 3368 2284 3452 etiam,
2349 3371 2407 3434 si

391 3448 701 3533 imperes,
765 3450 935 3534 quod
1000 3450 1209 3515 facere
1270 3472 1402 3515 non
1463 3454 1728 3535 possim.
1835 3454 2025 3538 Quid,
2087 3456 2145 3519 si
2206 3419 2416 3528 etiam

291 2196 396 2247 104
