2609 3884
350 175 432 241 76
852 173 1438 229 AGADEMJGORUM
1472 170 1808 228 PRIORUM

349 359 471 422 que
544 337 873 401 adsentiar
948 336 1263 421 deligam3
1339 356 1528 419 quem
1600 331 2072 418 potissimum?
2129 331 2373 416 quem?

346 423 813 507 Democritum3
862 445 1112 507 semper
1159 424 1350 501 enim,
1396 427 1471 486 ut
1513 422 1710 504 scitiS,
1758 420 2081 485 studiosus
2126 420 2372 485 nobili-

346 513 505 577 tatis
568 513 683 579 fui.
782 511 1080 598 Urgebor
1140 512 1273 575 iam
1340 511 1627 577 omnium
1701 514 1990 574 vestrum
2048 508 2371 574 convicio:

350 599 561 664 ‘Tune
608 603 723 666 aut
763 601 959 665 inane
1007 599 1351 684 quicquam
1405 601 1593 683 putes
1639 619 1804 674 esse,
1863 618 2009 661 cum
2053 596 2150 660 ita
2196 617 2373 660 com-

348 689 533 772 pleta
579 691 645 752 et
683 687 973 753 conferta
1020 687 1152 750 sint
1188 687 1422 769 omnia,
1468 689 1542 750 ut
1589 689 1674 770 et,
1719 705 1844 767 qua
1888 684 2182 768 quodque
2229 705 2371 747 mo·
2399 707 2428 748 5

349 777 605 840 vehitur
649 797 909 859 corpus,
972 775 1151 839 aliud
1193 775 1378 839 cedat
1423 777 1514 858 et,
1571 796 1697 859 qua
1743 772 2038 857 quodque
2084 772 2374 855 cesserit,

352 863 528 928 aliud
590 863 739 928 ilico
798 862 1268 947 subsequatur?
1332 866 1445 926 aut
1489 864 1736 925 atomos
1797 860 1991 943 ullas,
2054 881 2088 925 e
2135 860 2374 944 quibus

350 951 660 1036 quidquid
689 950 1021 1032 efficiatur,
1065 949 1324 1014 illarum
1363 950 1450 1013 sit
1485 947 2031 1014 dissimillimum?
2078 952 2192 1012 aut
2228 947 2372 1012 sine

352 1038 571 1123 aliqua
613 1041 828 1102 mente
885 1059 1023 1101 rem
1066 1038 1267 1102 ullam
1317 1037 1484 1101 effici
1536 1059 1728 1121 posse
1780 1035 2220 1120 praeclaram?
2286 1038 2371 1119 et,

352 1147 497 1190 cum
540 1126 613 1190 in
654 1147 783 1190 uno
830 1125 1067 1190 mundo
1115 1128 1387 1190 ornatus
1433 1125 1541 1190 hic
1585 1129 1722 1188 tam
1760 1125 1852 1188 sit
1892 1123 2228 1206 mirabilis,
2272 1123 2368 1187 in-
2399 1147 2456 1188 ιο

352 1213 773 1278 numerabilis
830 1235 1027 1296 supra
1087 1213 1287 1296 infra,
1353 1214 1580 1277 dextra
1633 1212 1925 1293 sinistra,
1989 1214 2141 1276 ante
2195 1213 2371 1294 post,

354 1301 516 1366 alios
564 1301 927 1383 dissimiles,
974 1301 1135 1365 alios
1183 1299 1467 1364 eiusdem
1511 1300 1688 1364 modi
1733 1299 2006 1363 mundos
2053 1298 2239 1362 esse?
2287 1303 2371 1382 et,

352 1393 427 1453 ut
470 1410 588 1453 nos
642 1410 813 1453 nuno
867 1389 1065 1452 simus
1123 1389 1205 1453 ad
1258 1387 1501 1452 Baulos
1545 1386 1974 1471 Puteolosque
2018 1386 2371 1471 videamus,

355 1477 448 1540 sic
491 1476 993 1541 innumerabiles
1038 1477 1304 1560 paribus
1357 1477 1428 1540 in
1480 1475 1641 1540 locis
1687 1496 1828 1538 esse
1877 1473 2116 1538 eisdem
2159 1475 2370 1538 nomi-

351 1564 572 1649 nibuS,
617 1564 1004 1648 honoribuS,
1048 1564 1240 1628 rebus
1288 1563 1517 1648 gestie,
1562 1562 1857 1646 ingeniis,
1893 1562 2146 1645 formis,
2194 1566 2369 1627 aeta·
2399 1585 2450 1626 ιε

354 1652 551 1735 tibus,
599 1651 839 1716 eisdem
886 1652 964 1715 de
999 1651 1191 1716 rebus
1238 1650 1688 1734 disputantes?
1736 1654 1818 1728 et,
1863 1650 1920 1714 si
1955 1671 2126 1714 nunc
2163 1652 2276 1713 aut
2313 1650 2372 1715 si

356 1739 553 1803 etiam
599 1738 991 1803 dormientes
1030 1738 1273 1823 aliquid
1319 1739 1532 1802 animo
1568 1737 1786 1802 videre
1820 1737 2166 1820 videamur,
2209 1737 2374 1802 ima-

355 1827 539 1909 gines
586 1827 981 1891 extrinsecus
1026 1827 1095 1890 in
1133 1827 1383 1890 animos
1419 1829 1679 1889 nostros
1723 1847 1838 1908 per
1866 1846 2097 1908 corpus
2133 1825 2373 1890 inrum-

352 1913 547 1997 pere?
613 1913 713 1978 Tu
757 1935 908 1978 vero
954 1914 1083 1977 ista
1125 1935 1205 1978 ne
1254 1913 1554 1977 asciveris
1598 1934 1761 1976 neve
1803 1912 2004 1976 fueris
2050 1934 2372 1977 commen·

353 2000 527 2065 ticiis
575 2001 767 2065 rebus
822 2001 1149 2065 adsensus,
1237 1999 1421 2064 Nihil
1468 2001 1702 2064 sentire
1749 2004 1848 2064 est
1899 2000 2128 2064 melius
2175 2023 2370 2083 quam
2397 2025 2451 2066 20

252 2101 353 2150 126
399 2091 538 2151 tam
598 2109 803 2170 prava
861 2086 1140 2152 sentire?
1252 2087 1405 2152 Non
1467 2108 1620 2172 ergo
1685 2088 1752 2151 id
1812 2088 2053 2172 agitur,
2115 2091 2189 2165 ut
2253 2089 2368 2152 ali-

356 2175 509 2259 quid
568 2175 843 2239 adsensu
898 2197 1041 2239 meo
1090 2176 1528 2259 comprobem,
1591 2197 1754 2260 quae
1809 2179 1882 2239 tu
1927 2176 2071 2240 vide
2115 2196 2199 2239 ne
2253 2176 2372 2239 im-

353 2262 672 2346 pudenter
714 2263 911 2327 etiam
954 2264 1263 2347 postules„
1308 2284 1441 2328 non
1486 2264 1696 2327 solum
1741 2263 2142 2347 adroganter,
2186 2285 2370 2347 prae-

355 2350 576 2414 sertim
623 2371 767 2414 cum
822 2351 951 2415 ista
994 2355 1109 2415 tua
1152 2351 1314 2414 mihi
1359 2373 1439 2415 ne
1484 2351 1846 2434 probabilia
1893 2351 2150 2436 quidem
2193 2351 2369 2415 vide-

356 2441 567 2502 antur.
641 2437 778 2502 Nec
824 2438 995 2502 enim
1041 2439 1525 2516 divinationem,
1570 2461 1762 2524 quam
1806 2439 2120 2522 probatis,
2164 2438 2369 2503 ullam
2397 2463 2448 2504 25

354 2547 493 2590 esse
540 2526 820 2591 arbitror
862 2526 1195 2610 fatumque
1237 2526 1426 2610 illud,
1485 2548 1612 2610 quo
1659 2527 1874 2590 omnia
1919 2526 2232 2590 contineri
2278 2527 2367 2590 di-

355 2613 516 2696 citis,
545 2616 913 2698 contemn03
949 2636 1030 2678 ne
1060 2614 1546 2678 exaedificatum
1573 2614 1830 2697 quidem
1857 2613 2029 2678 hunc
2056 2613 2370 2678 mundum

353 2700 571 2766 divino
619 2702 887 2766 consilio
944 2703 1271 2785 existim0,
1327 2707 1520 2786 atque
1573 2701 1746 2766 haud
1801 2702 1934 2766 scio
1982 2723 2066 2766 an
2118 2703 2211 2766 ita
2265 2702 2368 2766 sit.

246 2797 329 2860 41
356 2786 482 2852 Sed
553 2810 665 2852 cur
737 2789 955 2872 rapior
1027 2790 1095 2854 in
1165 2789 1521 2854 invidiam?
1561 2789 1823 2854 licetne
1896 2810 2012 2872 per
2073 2811 2189 2853 vos
2259 2811 2368 2853 ne-

352 2875 533 2952 scire,
583 2875 750 2958 quod
777 2876 1038 2940 nescio?
1086 2899 1169 2940 an
1198 2874 1432 2940 Stoicis
1477 2876 1638 2959 ipsis
1683 2877 1852 2950 inter
1879 2899 1948 2941 se
1995 2877 2369 2962 disceptare,
2395 2902 2448 2942 so

353 2982 499 3026 cum
552 2962 635 3026 iis
679 2983 806 3027 non
864 2962 1128 3026 licebit?
1218 2962 1463 3027 Zenoni
1508 2968 1575 3027 et
1626 2964 1891 3049 reliquis
1950 2964 2084 3028 fere
2132 2963 2368 3030 Stoicis

354 3047 577 3112 aether
633 3049 888 3114 videtur
946 3071 1232 3114 summus
1296 3050 1452 3114 deus
1460 3101 1479 3134 ,
1541 3057 1756 3116 mente
1805 3052 2176 3135 praeditus,
2241 3073 2370 3135 qua

352 3137 571 3200 omnia
623 3139 949 3220 regantur.
1041 3134 1391 3202 Cleanthes
1401 3187 1418 3220 ,
1483 3139 1592 3223 qui
1655 3141 1844 3224 quasi
1896 3140 2213 3204 maiorum
2269 3144 2370 3204 est

352 3223 645 3306 gentium
691 3221 973 3307 Stoicus,
1032 3223 1305 3290 Zenonis
1355 3225 1634 3308 auditor,
1699 3227 1900 3291 solem
1946 3226 2262 3292 dominari
2307 3230 2371 3290 et

350 3331 565 3374 rerum
618 3311 815 3394 potiri
872 3315 1079 3395 putat.
1169 3313 1275 3377 Ita
1321 3315 1612 3398 cogimur
1675 3314 2068 3379 dissensione
2115 3314 2367 3397 sapien-
2393 3338 2442 3381 85

348 3398 515 3462 tium
562 3398 891 3463 dominum
936 3405 1232 3464 nostrum
1292 3401 1623 3485 ignorare,
1690 3402 1926 3485 quippe
1973 3403 2082 3485 qui
2125 3403 2368 3466 nescia-

348 3507 523 3570 mus,
586 3486 707 3550 soli
756 3507 841 3550 an
886 3488 1135 3552 aetheri
1182 3489 1553 3552 serviamus·
1643 3486 1813 3552 Solis
1860 3492 2077 3553 autem
2123 3490 2368 3573 magni-
