2609 3884
415 143 542 208 154
735 142 836 199 DE
870 140 1160 199 FINIBUS
1194 140 1561 198 BONORUM
1592 140 1690 197 ΕΤ
1726 140 2095 197 MALORUM

408 304 671 371 tudinis.
776 302 858 369 In
917 304 1094 370 omni
1156 304 1331 369 enim
1396 306 1536 369 arte
1596 302 1704 369 vel
1764 302 1978 369 studio
2041 304 2148 369 vel
2208 304 2441 388 quavis

411 394 683 459 scientia
732 394 840 458 vel
893 393 966 457 in
1015 394 1161 476 ipsa
1203 394 1445 457 virtute
1490 391 1811 477 optimum
1857 391 2139 477 quidque
2182 393 2441 459 rarissi-

411 504 589 547 mum
633 484 751 547 est.
847 480 947 548 Ac
999 480 1166 545 mihi
1217 479 1509 566 quidem,
1568 480 1742 565 quod
1786 483 1854 545 et
1895 480 2038 564 ipse
2083 481 2297 547 bonus
2342 483 2444 547 vir

408 570 563 651 fuit,
608 573 677 635 et
719 569 914 635 multi
956 504 1262 653 Epicurei
1306 572 1375 634 et
1417 568 1684 635 fuerunt
1718 572 1785 633 et
1826 568 2019 634 hodie
2056 574 2213 635 sunt
2258 573 2328 635 et
2372 570 2445 635 ιιι

414 658 714 723 amicitiis
759 657 980 723 fideles
1023 660 1091 723 et
1145 657 1218 721 in
1261 658 1438 723 omni
1482 658 1622 723 vita
1666 660 2039 723 constantes
2087 661 2157 722 et
2201 678 2443 743 graves
2468 683 2494 723 ⁵

410 768 532 812 nec
592 746 956 830 voluptate,
1019 744 1134 811 sed
1195 744 1411 810 officio
1476 746 1748 812 consilia
1809 745 2252 831 moderantes,
2314 746 2445 813 hoc

408 835 668 901 videtur
710 836 918 899 maior
962 834 1063 898 vis
1107 833 1475 899 honestatis
1524 837 1591 900 et
1625 834 1841 899 minor
1885 834 2264 918 voluptatis,
2340 834 2445 899 Ita

411 924 586 989 enim
629 921 862 989 vivunt
903 921 1194 1006 quidam,
1236 925 1313 987 ut
1370 943 1595 988 eorum
1639 924 1779 989 vita
1820 922 2159 987 refellatur
2206 923 2445 989 oratn'o.

409 1013 627 1096 Atque
651 1013 728 1077 ut
755 1012 948 1075 ceteri
987 1010 1196 1076 dicere
1223 1010 1677 1077 existimantur
1703 1010 1934 1075 melius
1974 1032 2171 1095 quam
2204 1012 2447 1095 facere,

412 1100 507 1165 sic
550 1100 624 1165 hi
667 1099 832 1165 mihi
875 1099 1174 1165 videntur
1215 1098 1429 1164 facere
1474 1099 1705 1164 melius
1752 1119 1946 1183 quam
1992 1098 2223 1164 dicere.
2472 1126 2519 1164 m

543 1186 671 1254 Sed
727 1187 890 1279 haec
940 1186 1107 1253 nihil
1151 1208 1310 1251 sane
1356 1187 1439 1253 ad
1481 1208 1645 1270 rem3
1699 1187 1817 1251 illa
1859 1186 2222 1285 videamuS,
2272 1208 2446 1271 quae

341 1236 454 1342 2a
511 1280 578 1341 te
642 1274 721 1341 de
747 1254 1066 1346 amicitia
1119 1274 1294 1341 dicta
1346 1279 1514 1342 sunt.
1611 1275 1670 1341 Ε
1709 1264 1961 1360 quibus
2013 1278 2216 1340 unum
2275 1276 2447 1340 mihi

409 1364 676 1431 videbar
712 1364 798 1430 ab
840 1365 985 1447 ipso
1019 1362 1303 1446 Epicuro
1341 1363 1582 1430 dictum
1620 1384 2027 1449 cognoscere,
2074 1364 2445 1429 amicitiam

410 1474 450 1519 a
493 1453 834 1536 voluptate
875 1473 1010 1517 non
1059 1472 1252 1535 posse
1305 1451 1529 1517 divelli
1585 1452 1668 1517 ob
1724 1473 1867 1517 eam
1914 1472 1993 1527 ue
2036 1472 2177 1516 rem
2224 1452 2444 1518 colen·

412 1541 562 1607 dam
615 1562 783 1625 esse,
836 1539 1033 1624 quod,
1083 1540 1144 1606 si
1196 1540 1336 1605 sine
1391 1562 1469 1605 ea
1529 1543 1672 1606 tuto
1736 1544 1805 1605 et
1858 1562 1889 1605 s
1962 1561 1996 1605 e
2059 1542 2241 1605 metu
2308 1540 2443 1605 vivi
2469 1565 2516 1606 ιι

409 1652 543 1697 ιιοιι
586 1631 834 1713 posset,
884 1649 967 1692 ne
1017 1627 1292 1694 iucunde
1347 1627 1609 1712 quidem
1653 1631 1892 1712 posset.
1984 1625 2158 1694 Satis
2203 1632 2317 1693 est
2362 1628 2445 1693 ad

409 1718 538 1784 hoc
605 1720 1004 1801 responsum.
1124 1715 1436 1781 Attulisti
1514 1716 1695 1781 aliud
1771 1715 2119 1783 humanius
2200 1716 2444 1781 horum

413 1807 866 1906 recentiorum,
933 1825 1290 1888 numquam
1360 1802 1604 1869 dictum
1666 1805 1749 1869 ab
1828 1804 1971 1888 ipso
2042 1804 2190 1887 1110,
2228 1802 2443 1889 quod

409 1896 638 1979 sciam,
699 1893 912 1978 primo
975 1891 1284 1959 utilitatis
1357 1913 1552 1959 causa
1623 1892 1901 1958 amicum
1962 1853 2215 1977 expeti,
2292 1911 2443 1958 cum

411 1986 627 2048 autem
698 2002 854 2047 usus
929 1980 1329 2064 accessisset,
1394 1982 1538 2045 tum
1607 1980 1821 2063 ipsum
1895 1981 2101 2047 amari
2173 2002 2298 2065 per
2372 2003 2440 2047 se
2464 2005 2513 2045 υ

411 2072 608 2137 etiam
672 2071 916 2137 omissa
977 2090 1091 2152 spe
1151 2068 1526 2152 voluptatis.
1632 2066 1776 2134 Hoc
1838 2070 1962 2135 etsi
2025 2069 2440 2135 multimodis

409 2159 710 2261 reprendi
772 2160 1019 2242 potest,
1088 2161 1309 2222 tamen
1382 2157 1657 2241 accipio,
1729 2156 1902 2240 quod
1973 2156 2150 2221 dant.
2268 2156 2441 2223 Mihi

411 2248 584 2314 enim
629 2246 793 2313 satis
839 2249 963 2329 est,
1007 2245 1170 2329 ipsis
1206 2265 1341 2310 non
1376 2246 1557 2311 satis.
1627 2242 1801 2310 Nam
1848 2245 2195 2347 aliquando
2239 2268 2439 2329 posse
2574 2244 2576 2340 ξ

306 1157 392 1222 26

323 2372 327 2385 ·
410 2340 581 2407 recte
624 2335 782 2407 fieri.
805 2334 1034 2403 dicunt
1076 2333 1259 2398 nulla
1295 2336 1669 2417 exspectata
1702 2354 1823 2399 nec
1867 2333 2163 2418 quaesita
2207 2334 2439 2418 volup·

306 2443 372 2494 83
409 2429 564 2490 tate.
671 2422 958 2490 Posuisti
1031 2421 1229 2487 etiam
1302 2421 1513 2487 dicere
1578 2422 1742 2487 alios
1817 2421 2045 2488 foedus
2107 2422 2442 2507 quoddam
2464 2446 2511 2487 25

407 2514 578 2578 inter
631 2534 700 2578 se
751 2511 968 2576 facere
1020 2509 1365 2593 sapientis,
1416 2514 1517 2594 ut,
1578 2531 1771 2595 quem
1838 2510 1921 2575 ad
1972 2510 2238 2575 modum
2306 2512 2442 2575 sint

407 2602 479 2755 id
531 2623 603 2755 Ξῖ
655 2602 834 2753 iffi?
850 2598 1187 2771 pztslsstdlagt
1215 2559 1905 2771 s22{2mes1;÷⁰di{cgtllni
1950 2600 2439 2771 ἓῖἓὲᾰῧῑνηοίῗιῗιῗ-

407 2780 580 2842 tates
650 2776 1095 2861 percipiendas
1168 2775 1450 2840 maxime
1521 2774 1859 2858 pertinere·
1988 2774 2132 2841 Hoc
2200 2776 2437 2841 foedus

407 2865 624 2930 facere
661 2864 720 2928 si
752 2866 1127 2946 potuerunt,
1167 2862 1415 2928 faciant
1451 2864 1649 2928 etiam
1682 2862 1869 2942 illud,
1906 2866 1982 2929 ut
2017 2864 2437 2947 aequitatem,
2462 2888 2509 2927 so

408 2951 822 3034 modestiam,
884 2950 1157 3015 virtutes
1212 2971 1437 3015 omnes
1490 2972 1608 3035 per
1662 2972 1733 3015 se
1786 2952 1965 3033 ipsas
2020 2951 2226 3035 gratis
2284 2950 2435 3015 dili·

411 3042 586 3125 gant.
673 3038 782 3103 An
834 3058 1014 3121 vero,
1067 3038 1126 3102 si
1167 3037 1487 3105 fructibus
1534 3042 1602 3104 et
1644 3039 2096 3105 emolumentis
2146 3042 2215 3103 et
2255 3040 2439 3103 utili-

407 3127 656 3193 tatibus
703 3125 1024 3191 amicitias
1071 3126 1382 3212 colemuS,
1440 3127 1496 3192 si
1538 3127 1720 3193 nulla
1766 3128 2005 3193 caritas
2060 3127 2208 3211 erit,
2262 3146 2436 3210 quae

408 3216 608 3280 faciat
664 3214 1020 3280 amicitiam
1073 3214 1285 3297 ipsam
1340 3237 1458 3280 sua
1503 3218 1761 3299 sponte,
1815 3214 1883 3279 vi
1930 3236 2071 3298 sua,
2126 3237 2204 3279 ex
2248 3236 2316 3280 se
2367 3218 2437 3279 et

407 3307 676 3387 propter
730 3324 800 3368 se
855 3301 1302 3386 expetendam,
1358 3303 1623 3369 dubium
1680 3306 1806 3387 est,
1860 3303 2020 3387 quin
2070 3301 2303 3367 fundos
2363 3308 2435 3367 et
2460 3328 2510 3368 ³5

305 3411 374 3461 84
407 3391 655 3455 insulas
719 3390 940 3455 amicis
1005 3390 1518 3474 anteponamus?
1638 3390 1824 3455 Licet
1892 3390 2001 3456 hic
2060 3412 2279 3455 rursus
2354 3412 2435 3456 ea

409 3495 901 3561 commemores,
972 3499 1136 3562 quae
1209 3477 1477 3560 optimis
1552 3478 1767 3544 verbis
1840 3479 1923 3543 ab
1992 3478 2276 3563 Epicuro
2349 3479 2433 3545 de
