2609 3884
272 910 357 975 23

280 990 344 1036 51

248 1820 339 1881 ‘52

376 154 509 220 410
769 150 1369 209 TUSCULANABUM
1403 149 2007 207 DISPUTATIONUM

377 317 628 381 caelum
680 315 812 381 ista
864 314 1038 399 ipsa,
1091 335 1284 400 quam
1342 334 1457 378 vos
1518 312 1918 378 iracundiam
1982 334 2123 379 esse
2183 314 2431 397 vultis,

378 403 642 469 sustulit
703 403 1047 488 fortitudo,
1118 405 1443 466 iratumne
1516 422 1739 468 censes
1811 401 2179 466 conflixisse
2264 423 2430 467 cum

375 491 809 576 Erymanthio
857 512 1015 575 apro
1063 494 1178 554 aut
1221 490 1407 554 leone
1444 488 1815 554 Nemeaeo?
1862 511 1949 553 an
1991 490 2190 554 etiam
2242 488 2431 555 The-

377 601 523 644 seus
593 578 994 645 Marathonii
1063 578 1239 642 tauri
1302 598 1545 643 cornua
1618 577 2084 661 conprehendit
2149 578 2431 642 iratus?

373 666 570 753 Vide,
613 689 695 731 ne
730 666 1047 732 fortitudo
1083 666 1351 731 minime
1388 666 1477 730 sit
1510 664 1773 730 rabiosa
1810 665 2021 749 sitque
2066 665 2433 730 iracundia
2460 690 2484 731 5

374 758 519 821 tota
570 755 878 821 levitatis.
976 752 1204 837 Neque
1259 753 1433 817 enim
1489 755 1590 817 est
1642 752 1777 817 ulla
1827 752 2171 838 fortitudo,
2240 775 2430 838 quae

376 843 650 908 rationis
699 846 800 907 est
846 863 1093 925 expers,

511 928 1032 996 contemnendae
1068 950 1174 993 res
1209 928 1535 993 humanae
1573 931 1743 1013 sunt,
1783 927 2191 1014 neglegenda
2228 950 2429 995 mors

377 1022 504 1103 est,
565 1018 873 1103 patibiles
917 1022 1006 1104 set
1068 1017 1323 1082 dolores
1379 1020 1446 1080 et
1501 1017 1759 1081 labores
1822 1016 2115 1100 putandi.
2222 1016 2431 1083 Haec

375 1128 522 1172 cum
578 1106 934 1171 constituta
978 1109 1131 1169 sunt
1183 1104 1423 1170 iudicio
1470 1107 1663 1190 atque
1710 1105 2058 1190 sententia,
2110 1108 2265 1169 tum
2318 1110 2432 1171 est
2446 1129 2496 1171 ἰο

375 1195 646 1261 robusta
678 1194 796 1259 illa
833 1196 900 1257 et
935 1192 1188 1258 stabilis
1224 1192 1569 1277 fortitudo,
1602 1192 1732 1257 nisi
1767 1192 1967 1276 forte,
2014 1214 2179 1277 quae
2216 1194 2429 1261 vehe-

376 1285 653 1364 menter,
701 1282 958 1365 acriter,
1005 1282 1296 1345 animose
1342 1282 1537 1365 fiunt,
1584 1279 1888 1345 iracunde
1932 1280 2074 1344 fieri
2119 1283 2428 1365 suspica-

374 1392 538 1436 mur.
617 1368 782 1436 Mihi
825 1392 907 1436 ne
954 1366 1172 1453 Scipio
1219 1368 1480 1452 quidem
1526 1368 1638 1433 ille
1682 1368 1996 1451 pontufex
2039 1390 2427 1455 maxumus,

376 1459 488 1544 qui
539 1458 664 1524 hoc
718 1457 1083 1525 Stoicorum
1138 1477 1363 1521 verum
1418 1478 1556 1521 esse
1612 1456 1992 1541 declaravit,
2047 1478 2427 1541 numquam

373 1547 703 1632 privatum
767 1568 907 1612 esse
971 1546 1361 1629 sapientem,
1434 1545 1640 1610 iratus
1708 1544 1966 1609 videtur
2034 1544 2241 1610 fuisse
2320 1546 2427 1611 Ti.
2452 1575 2489 1613 15

377 1633 673 1717 Graccho
709 1638 870 1719 tum,
905 1656 1052 1699 cum
1081 1632 1415 1699 consulem
1450 1632 1871 1718 languentem
1906 1633 2173 1718 reliquit
2210 1638 2426 1720 atque

375 1724 516 1807 ipse
569 1723 864 1807 privatus
874 1773 892 1808 ,
945 1725 1021 1787 ut
1074 1719 1131 1786 si
1186 1721 1411 1786 consul
1465 1724 1663 1805 esset,
1720 1722 1829 1805 qui
1882 1743 2021 1785 rem
2070 1722 2426 1806 publicam

377 1811 625 1876 salvam
681 1833 821 1875 esse
875 1810 1141 1894 vellent,
1197 1830 1266 1874 se
1314 1808 1498 1895 sequi
1542 1808 1754 1874 iussit.
1842 1806 2114 1894 Nescio,
2175 1813 2424 1895 ecquid

375 1898 504 1983 ipsi
539 1919 658 1964 nos
701 1898 963 1964 fortiter
1006 1898 1077 1961 in
1111 1918 1182 1961 re
1226 1896 1491 1981 publica
1534 1896 1905 1980 fecerimus3
1955 1898 2012 1962 si
2056 1897 2216 1981 quid
2256 1899 2425 1965 feci-

376 2009 550 2071 mus,
608 1989 780 2052 certe
839 1985 992 2050 irati
1045 2006 1180 2050 non
1231 1984 1520 2049 fecimus.
1609 1983 1717 2049 An
1772 1988 1872 2049 est
1928 1985 2283 2069 quicquam
2334 1988 2421 2053 si·
2447 2014 2489 2054 so

375 2074 594 2139 milius
650 2075 938 2139 insaniae
995 2095 1190 2158 quam
1242 2072 1388 2137 ira?
1444 2094 1640 2157 quam
1693 2073 1857 2138 bene
1908 2072 2158 2137 Ennius
2221 2073 2421 2141 ‘ini-

375 2156 600 2226 tium'
648 2162 814 2226 dixit
859 2159 1286 2226 ‘insaniae'
1379 2157 1603 2246 Color,
1657 2182 1813 2245 vox,
1869 2162 2065 2245 oculi,
2112 2162 2417 2249 spiritus,

375 2248 740 2333 inpotentia
785 2249 1106 2314 dictorum
1143 2270 1218 2313 ac
1260 2248 1580 2313 factorum
1625 2271 1820 2335 quam
1862 2254 2119 2332 partem
2152 2249 2417 2317 habent

377 2336 724 2403 sanitatis?
816 2336 986 2413 Quid
1020 2335 1278 2402 Achille
1323 2336 1669 2402 Homerico
1713 2337 1991 2421 foedius,
2035 2336 2188 2423 quid
2224 2338 2413 2425 Aga-

375 2446 718 2491 memnone
779 2425 850 2489 in
910 2423 1168 2509 iurgio?
1276 2423 1451 2490 Nam
1512 2426 1780 2489 Aiacem
1844 2426 2099 2509 quidem
2156 2426 2261 2490 ira
2327 2428 2409 2492 ad
2436 2453 2479 2493 ετ»

373 2514 662 2580 furorem
724 2516 1125 2597 mortemque
1179 2511 1497 2595 perduxit.
1602 2512 1668 2579 N
1670 2533 1757 2577 on
1809 2514 2010 2598 igitur
2073 2513 2409 2581 desiderat

373 2602 689 2668 fortitudo
745 2601 1122 2667 advocatam
1185 2600 1612 2683 iracundiam3
1678 2602 1839 2667 satis
1901 2605 2001 2665 est
2058 2601 2405 2687 instructa,

374 2694 630 2773 parata,
677 2693 927 2755 armata
961 2711 1078 2773 per
1115 2709 1272 2753 sese.
1335 2688 1508 2754 Nam
1544 2690 1673 2753 isto
1712 2688 1970 2775 quidem
2004 2690 2199 2755 modo
2245 2690 2403 2755 licet

377 2778 584 2842 dicere
616 2778 844 2843 utilem
870 2777 1297 2843 vinulentiam
1329 2777 1411 2842 ad
1439 2776 1905 2861 fortitudinem,
1932 2778 2160 2843 utilem
2198 2778 2400 2842 etiam

376 2866 787 2952 dementiam,
823 2865 994 2951 quod
1031 2869 1099 2929 et
1131 2865 1350 2930 insani
1386 2867 1454 2929 et
1488 2865 1649 2930 ebrii
1675 2866 1883 2929 multa
1917 2865 2165 2929 faciunt
2203 2887 2399 2950 saepe
2424 2891 2473 2931 eo

373 2953 837 3018 vehementius.
928 2952 1196 3038 Semper
1237 2951 1409 3017 Aiax
1452 2952 1669 3038 fortis,
1726 2952 2121 3018 fortissimus
2173 2956 2401 3018 tamen

373 3041 441 3105 in
487 3041 722 3105 furore.
1392 3100 1396 3104 .

504 3126 696 3193 Nam
760 3127 1060 3193 facinus
1121 3128 1321 3194 fecit
1382 3129 1813 3213 maximum,
1880 3150 2043 3195 cum
2099 3127 2396 3195 Danais

1644 3217 2218 3283 inclinantibus

507 3300 888 3367 Summam
949 3324 1106 3367 rem
1161 3302 1520 3389 perfecit,
1573 3327 1797 3372 manu
1852 3307 1986 3371 sua
2040 3304 2400 3369 restituit

1834 3392 2217 3477 proelium

503 3474 930 3540 Insaniens.
2420 3505 2471 3545 35
