2609 3884
629 212 766 269 ms.
803 213 895 269 Ν.
953 214 1106 271 CAP.
1149 221 1242 286 ιι,
1283 220 1366 269 12.
1425 220 1456 281 ς
1492 221 1735 273 26—31.
2058 219 2186 285 213

300 372 419 441 Sin
465 376 690 441 dicunt
735 376 1065 441 obscurari
1115 377 1430 461 quaedam
1477 398 1596 442 nec
1642 400 1979 463 apparere,
2033 382 2189 465 quia

152 462 355 528 valde
400 486 604 548 parva
650 464 808 547 sint,
851 486 972 531 nos
1020 485 1272 549 quoque
1320 464 1757 551 concedimus3
1816 468 1987 552 quod
2032 468 2189 534 dicit

149 551 490 635 Epicurus
539 552 736 617 etiam
791 552 870 617 de
914 553 1278 638 voluptate,
1334 574 1495 638 quae
1540 554 1849 619 minimae
1900 556 2035 621 sint
2077 578 2189 621 vo-

154 640 478 724 luptates,
535 662 646 705 eas
695 639 1026 706 obscurari
1073 662 1266 725 saepe
1313 645 1379 706 et
1426 641 1631 707 obrui.
1704 641 1828 708 Sed
1869 665 2003 709 non
2039 648 2191 709 sunt

91 753 121 793 5
153 729 232 793 in
301 749 378 793 eo
443 749 678 814 genere
739 732 963 795 tantae
1029 730 1521 796 commoditates
1574 732 1865 815 corporis
1926 735 2189 818 tamque

155 817 524 901 productae
567 818 970 901 temporibus
1014 820 1280 901 tamque
1324 820 1586 884 multae.
1661 818 1891 905 Itaque
1935 820 2005 884 in
2050 821 2189 905 qui-

155 906 288 970 bus
325 909 595 988 propter
633 926 856 971 eorum
893 906 1317 991 exiguitatem
1353 907 1724 972 obscuratio
1759 908 2191 992 consequitur,

159 1014 362 1077 saepe
411 992 670 1077 accidit,
714 998 790 1059 ut
833 994 1001 1059 nihil
1047 994 1362 1060 interesse
1400 998 1628 1061 nostra
1670 995 2012 1080 fateamur,
2058 997 2192 1063 sint

158 1081 285 1147 illa
319 1102 520 1147 necne
567 1082 723 1166 sint,
768 1085 843 1148 ut
876 1083 946 1147 in
983 1083 1145 1167 sole,
1191 1083 1365 1167 quod
1402 1106 1441 1149 a
1474 1086 1541 1148 te
1581 1083 1941 1169 dicebatur,
1985 1084 2189 1150 lucer-

75 1198 130 1237 ιο
157 1192 322 1236 nam
389 1170 694 1235 adhibere
754 1171 922 1235 nihil
992 1171 1262 1236 interest
1326 1174 1441 1236 aut
1505 1172 1867 1237 teruncium
1940 1172 2188 1238 adicere

159 1256 393 1324 Croesi
443 1259 771 1343 pecuniae.
872 1258 1118 1335 Quibus
1175 1263 1394 1325 autem
1454 1260 1526 1324 in
1580 1260 1773 1326 rebus
1834 1263 2022 1326 tanta
2076 1262 2190 1325 ob·
2227 1278 2297 1328 30

159 1347 448 1412 scuratio
483 1368 616 1412 non
651 1346 758 1425 fit,
792 1347 933 1412 fieri
967 1351 1189 1412 tamen
1223 1349 1470 1432 potest,
1514 1351 1589 1412 ut
1622 1347 1690 1412 id
1726 1348 1969 1433 ipsum,
2016 1349 2189 1433 quod

157 1436 466 1518 interest,
510 1456 645 1500 non
688 1434 776 1500 sit
812 1455 1140 1521 magnum.
1210 1433 1305 1500 Ut
1351 1436 1438 1519 ei,
1483 1436 1593 1520 qui
1635 1436 1912 1500 iucunde
1958 1438 2191 1501 vixerit

163 1545 376 1589 annos
412 1523 660 1608 decem,
705 1523 763 1589 si
799 1545 1003 1608 aeque
1039 1524 1178 1588 vita
1211 1523 1489 1589 iucunda
1524 1527 1854 1589 menstrua
1895 1523 2189 1609 addatur,

79 1641 132 1681 15
164 1612 323 1695 quia
356 1614 754 1677 momentum
791 1611 1057 1697 aliquod
1090 1611 1333 1677 habeat
1376 1612 1455 1676 ad
1500 1612 1852 1677 iucundum
1887 1613 2190 1699 accessi0‚

159 1701 412 1765 bonum
457 1701 570 1786 sit3
617 1700 677 1766 si
718 1704 936 1766 autem
979 1699 1047 1764 id
1083 1721 1217 1765 non
1251 1699 1670 1783 concedatur,
1711 1721 1844 1765 11011
1880 1700 2185 1765 continuo

161 1788 306 1854 vita
356 1789 552 1854 beata
595 1788 873 1854 tollitur.
960 1786 1148 1854 Bona
1193 1792 1412 1854 autem
1465 1788 1754 1872 corporis
1810 1788 1960 1853 huic
2020 1791 2211 1873 sunt,.

166 1876 340 1961 quod
393 1876 718 1960 posterius
762 1877 983 1961 posui,
1029 1876 1363 1941 similiora.
1451 1875 1716 1941 Habent
1759 1876 1930 1941 enim
1978 1898 2185 1943 acces-

168 1964 421 2030 sionem
472 1964 764 2050 dignam,
827 1966 897 2029 in
959 1987 1086 2049 qua
1141 1965 1533 2044 elaboretur,
1590 1967 1666 2029 ut
1716 1964 1881 2029 mihi
1941 1964 2013 2030 in
2065 1966 2189 2031 hoc

84 2080 138 2121 πο
169 2050 372 2117 Stoici
423 2052 627 2118 iocari
679 2052 1020 2118 videantur
1073 2052 1423 2132 interdum,
1479 2074 1627 2117 cum
1680 2052 1777 2117 ita
1830 2052 2072 2137 dicant,
2134 2054 2190 2118 si

168 2141 252 2206 ad
305 2140 490 2205 illam
542 2140 775 2225 vitam,
830 2162 995 2225 quae
1052 2162 1198 2206 cum
1251 2142 1491 2206 virtute
1547 2141 1842 2225 degatur,
1902 2142 2190 2224 ampulla

169 2232 284 2295 aut
319 2228 594 2313 strigilis
635 2228 922 2312 accedat,
961 2234 1371 2312 sumpturum
1408 2229 1769 2312 sapientem
1807 2250 1950 2293 eam
1986 2230 2190 2294 vitam

167 2317 386 2401 potius
395 2366 413 2399 ,
468 2337 595 2402 quo
650 2316 810 2382 haec
867 2316 1116 2381 adiecta
1170 2317 1331 2401 sint,
1382 2338 1502 2382 nec
1554 2317 1912 2382 beatiorem
1966 2320 2189 2383 tamen

168 2406 254 2471 ob
314 2426 459 2470 eam
514 2425 779 2470 causam
831 2405 989 2471 fore.
1078 2404 1223 2470 Hoc
1279 2405 1490 2469 simile
1543 2405 1804 2469 tandem
1860 2408 2002 2469 est?
2057 2428 2189 2471 non
2226 2426 2290 2474 31

89 2521 140 2561 25
165 2494 303 2559 risu
346 2494 565 2577 potius
613 2514 808 2578 quam
853 2494 1145 2558 oratione
1187 2491 1588 2559 eiciendum?
1659 2491 1971 2576 Ampulla
2018 2494 2189 2557 enim

169 2582 258 2647 sit
317 2601 519 2647 necne
584 2582 695 2666 sit,
758 2582 904 2665 quis
965 2603 1100 2647 11011
1160 2581 1298 2645 11116
1364 2582 1612 2665 optimo
1686 2580 2059 2663 irrideatur,
2132 2581 2189 2645 si

166 2669 465 2735 laboret?
564 2669 658 2735 At
708 2691 863 2735 vero
917 2669 1240 2754 pravitate
1293 2670 1734 2735 membrorum
1793 2673 1859 2733 et
1904 2669 2190 2733 cruciatu

167 2758 468 2824 dolorum
515 2758 571 2821 si
627 2757 768 2841 quis
825 2779 1016 2842 quem
1059 2759 1257 2841 levet,
1315 2778 1619 2842 magnam
1664 2758 1845 2821 ineat
1887 2757 2190 2841 gratiam,

167 2867 287 2911 nec
333 2846 394 2911 si
434 2845 548 2910 1116
592 2845 853 2929 sapiens
900 2845 984 2911 ad
1028 2846 1296 2912 tortoris
1344 2845 1633 2911 eculeum
1678 2868 1719 2910 a
1772 2847 2047 2928 tyranno
2093 2846 2189 2910 ire

91 2961 142 3002 ³⁰
169 2937 467 3087 {233³
513 2933 1106 3107 {ffliffffifflss
1126 2933 2187 3087 ffffi'ssfissileffieffifflssssassmssssss‘

171 3132 314 3176 cum
371 3071 500 3175 sibi
553 3130 699 3175 cum
755 3110 1018 3193 capitali
1073 3110 1473 3195 adversarie,
1531 3110 1779 3193 dolore,
1826 3072 2190 3195 depugnans

171 3199 323 3264 dum
369 3197 646 3283 videret,
701 3199 1011 3263 excitaret
1056 3219 1278 3263 omnes
1323 3198 1611 3263 rationes
1667 3198 2068 3263 fortitudinis
2114 3219 2189 3263 ac

170 3287 546 3372 patientiae,
601 3308 875 3371 quarum
927 3286 1251 3370 praesidio
1308 3286 1509 3350 iniret
1561 3285 1824 3351 difficile
1878 3285 2067 3367 illud,
2116 3289 2191 3349 ut

99 3399 148 3441 ⁸⁶
174 3375 331 3460 dixi,
389 3394 826 3461 magnumque
876 3374 1215 3459 proelium.
1313 3373 1566 3439 Deinde
1610 3395 1744 3438 non
1804 3373 2189 3457 quaerimus,

175 3464 324 3548 quid
371 3463 748 3529 obscuretur
795 3467 910 3529 aut
953 3464 1254 3547 intereat,
1310 3462 1462 3546 quia
1518 3462 1605 3527 sit
1649 3460 2000 3526 admodum
2044 3481 2189 3543 par-

173 3574 346 3637 vum,
411 3550 526 3617 sed
579 3552 730 3636 quid
788 3550 925 3616 tale
982 3551 1093 3636 sit,
1155 3555 1230 3616 ut
1283 3551 1538 3634 expleat
1591 3570 1927 3614 summam.
2038 3546 2189 3611 Una
