2609 3884
712 165 847 221 ΜΒ.
884 165 927 220 1.
985 163 1138 219 GAP.
1179 170 1423 221 17—19.
1478 170 1509 229 ς
1546 170 1791 221 40-44.
2127 167 2259 231 295

242 328 436 395 Illam
481 348 634 393 vero
687 326 975 392 funditus
1031 326 1335 393 eiciamus
1389 326 1867 393 individuorum
1916 349 2259 413 corporum
2294 340 2366 391 42

242 416 483 483 levium
529 418 596 480 et
639 416 1062 480 rotundorum
1109 415 1590 483 concursionem
1645 416 2009 500 fortuitam,
2065 439 2259 502 quam

243 506 464 571 tamen
499 502 908 571 Democritus
947 503 1452 569 concalefactam
1490 508 1561 568 et
1603 504 2003 587 spirabilem,
2048 505 2115 570 id
2160 510 2261 571 est

243 592 620 677 animalem,
684 613 824 657 esse
886 591 1043 657 volt.
1148 591 1216 657 Is
1273 595 1487 657 autem
1548 592 1830 675 animus,
1881 592 1995 677 qui
2048 592 2109 657 si
2160 596 2261 659 est

189 706 218 747 s
243 680 476 759 horum
531 683 839 765 quattuor
893 700 1228 766 generum,
1287 701 1367 744 cx
1412 680 1643 763 quibus
1699 681 1917 745 omnia
1960 684 2261 746 constare

245 768 569 852 dicuntur,
617 790 696 833 ex
730 768 1132 833 inflammata
1167 768 1387 831 anima
1424 770 1705 852 constat,
1741 771 1818 834 ut
1848 768 2260 853 potissimum

244 856 448 923 videri
495 856 680 921 video
724 855 1065 941 Panaetio,
1115 855 1450 940 superiora
1496 859 1795 939 capessat
1836 878 2097 923 necesse
2144 860 2261 923 est.

241 943 429 1011 Nihil
475 945 648 1011 enim
691 944 938 1011 habent
981 943 1142 1011 haec
1197 943 1325 1009 duo
1380 964 1619 1028 genera
1672 945 1861 1028 proni
1917 949 1985 1010 et
2028 966 2263 1029 supera

244 1054 500 1117 semper
543 1035 790 1117 petunt.
877 1031 1008 1117 Ita,
1035 1032 1191 1098 ⁴sive
1236 1031 1664 1116 dissipantur,
1712 1031 1938 1116 procul
1983 1054 2024 1097 a
2066 1033 2258 1098 terris

161 1145 216 1185 ιο
241 1120 312 1187 id
347 1121 582 1205 evcnit,
619 1122 757 1187 sive
793 1124 1174 1205 permanent
1211 1123 1277 1185 et
1314 1124 1697 1186 conservant
1728 1120 2028 1185 habitum
2054 1143 2261 1201 suum,

241 1209 368 1275 hoc
422 1210 618 1277 etiam
672 1209 882 1293 magis
936 1230 1200 1275 necesse
1255 1211 1355 1273 est
1405 1208 1699 1273 ferantur
1752 1208 1834 1273 ad
1893 1209 2139 1273 caelum
2193 1212 2260 1275 et

244 1297 328 1361 ab
383 1296 467 1363 iis
522 1301 980 1381 perrumpatur
1031 1300 1099 1361 et
1153 1296 1476 1364 dividatur
1530 1318 1783 1363 crassus
1836 1297 1941 1361 hic
1997 1300 2062 1361 et
2112 1318 2259 1364 con-

243 1387 456 1451 cretus
516 1389 651 1468 aer,
717 1385 828 1470 qui
902 1388 1002 1449 est
1061 1387 1269 1451 terrae
1339 1385 1703 1469 proximus(
1805 1382 2091 1451 Calidior
2162 1388 2262 1452 est

245 1472 420 1539 enim
465 1474 568 1538 vel
615 1473 834 1557 potius
879 1472 1206 1538 ardentior
1253 1472 1535 1555 animuS,
1590 1493 1783 1556 quam
1838 1476 1939 1538 est
1980 1472 2089 1539 hic
2134 1477 2261 1559 aer,

160 1584 214 1627 ιτ»
243 1582 436 1645 quem
491 1561 684 1627 modo
743 1560 875 1629 dixi
921 1583 1208 1627 crassum
1261 1564 1455 1646 atque
1510 1564 1907 1646 concretum,
1964 1561 2136 1645 quod
2182 1583 2261 1627 ex

243 1670 320 1715 eo
386 1648 540 1715 sciri
601 1653 849 1734 potest,
917 1649 1070 1734 quia
1135 1670 1407 1733 corpora
1466 1652 1696 1714 nostra
1766 1653 2023 1717 terreno
2085 1650 2259 1733 prin-

241 1738 350 1823 ⁰³¹²
343 1736 1206 1893 ³2f333ffiff⁹¹122¹20⁶33553ss22
1243 1737 1496 1890 313?ssssss
1536 1737 1769 1890 2333
1790 1738 2257 1890 ⁰52³⁰1332³22333

650 1875 672 1909 9
2241 1876 2259 1908 7

242 1935 434 1997 quem
497 1934 691 1997 saepe
752 1914 884 1979 iam
949 1913 1234 1997 appello,
1299 1934 1572 1998 eumque
1634 1915 2029 1997 perrumpat,
2088 1914 2259 1997 quod

157 2025 214 2064 20
241 2000 410 2065 nihil
475 2004 575 2066 est
635 2001 850 2067 animo
914 2002 1226 2085 velocius3
1291 2001 1471 2065 nulla
1534 2004 1635 2065 est
1698 2001 2022 2086 celeritas,
2096 2023 2259 2086 quae

241 2089 452 2173 possit
497 2110 640 2153 cum
687 2089 888 2153 animi
943 2090 1272 2154 celeritate
1332 2089 1735 2154 contendere.
1837 2089 1959 2165 Qui
2015 2089 2073 2155 si
2117 2111 2258 2173 per-

243 2179 466 2241 manet
501 2176 910 2260 incorruptus
948 2178 1173 2261 suique
1211 2176 1470 2261 similis,
1520 2198 1779 2241 necesse
1816 2180 1918 2241 est
1952 2178 2049 2243 ita
2091 2178 2258 2243 fera-

243 2269 377 2347 tur,
421 2266 496 2328 ut
537 2268 833 2347 penetret
879 2269 945 2330 et
988 2264 1234 2329 dividat
1278 2285 1471 2329 omne
1516 2265 1765 2329 caelum
1810 2264 1960 2349 hoc,
2013 2266 2084 2329 in
2130 2287 2257 2350 quo

239 2352 476 2435 nubes,
520 2352 761 2417 imbres
806 2353 1106 2437 ventique
1153 2356 1499 2437 coguntur,
1545 2352 1716 2437 quod
1752 2356 1819 2417 et
1858 2353 2147 2418 umidum
2194 2357 2259 2418 et

156 2463 212 2505 25
243 2440 668 2525 caliginosum
731 2445 832 2505 est
891 2443 1156 2524 propter
1221 2441 1665 2506 exhalationes
1730 2445 1958 2505 terrae.
2047 2441 2257 2517 Quam

237 2529 574 2614 regionem
635 2550 780 2595 cum
835 2530 1165 2613 superavit
1221 2529 1474 2594 animus
1525 2536 1955 2612 naturamque
2014 2529 2115 2595 sui
2171 2529 2253 2595 si-

240 2618 465 2682 milem
510 2617 788 2702 contigit
833 2621 900 2682 et
945 2618 1281 2701 adgnovit,
1327 2617 1563 2682 iunctis
1598 2638 1675 2682 ex
1715 2618 1932 2681 anima
1974 2617 2156 2681 tenui
2192 2621 2257 2681 et

241 2726 320 2770 ex
383 2705 612 2771 ardore
675 2706 830 2771 solis
892 2709 1254 2789 temperato
1318 2706 1575 2789 ignibus
1641 2704 1886 2769 insistit
1938 2707 2007 2769 et
2063 2705 2259 2769 finem

241 2794 440 2858 altius
497 2814 564 2858 se
619 2794 938 2859 ecferendi
991 2794 1167 2859 facit.
1268 2790 1430 2859 Cum
1487 2793 1659 2857 enim
1714 2794 1815 2858 sui
1870 2792 2147 2857 similem
2194 2797 2260 2858 et

156 2904 213 2945 eo
239 2882 578 2947 levitatem
635 2877 729 2947 et'
754 2882 1033 2947 calorem
1091 2882 1361 2965 adeptus
1415 2887 1526 2959 est,
1589 2884 1924 2965 tamquam
1988 2882 2257 2965 paribus

241 2970 645 3035 examinatus
707 2970 1098 3055 ponderibus
1163 2970 1411 3035 nullam
1482 2970 1553 3034 in
1623 2972 1875 3053 partem
1941 2968 2258 3054 movetur,

241 3080 446 3143 eaque
507 3058 568 3123 ei
609 3057 888 3123 demum
949 3058 1264 3123 naturalis
1340 3060 1440 3123 est
1513 3057 1726 3142 sedes,
1798 3078 1945 3123 cum
2010 3057 2092 3123 ad
2156 3058 2258 3123 sui

239 3146 456 3211 simile
515 3147 908 3231 penetravit3
968 3146 1037 3209 in
1100 3166 1226 3230 quo
1288 3144 1475 3210 nulla
1535 3166 1605 3209 re
1670 3166 1865 3230 egens
1922 3145 2131 3211 aletur
2190 3148 2260 3211 et

239 3235 713 3300 sustentabitur
769 3233 973 3299 isdem
1025 3234 1246 3317 rebus,
1302 3234 1538 3318 quibus
1584 3236 1763 3299 astra
1808 3236 2257 3299 sustentantur

153 3345 212 3389 ⁸5
241 3325 308 3388 et
341 3322 622 3388 aluntur.
696 3319 983 3407 Cumque
1031 3322 1320 3404 corporis
1366 3321 1620 3386 facibus
1658 3321 2046 3386 inflammari
2092 3322 2253 3385 sole·
2292 3340 2363 3389 44

239 3432 424 3477 amus
471 3411 554 3475 ad
600 3411 805 3476 omnis
864 3410 1000 3475 fere
1045 3410 1430 3494 cupiditates
1478 3430 1680 3494 eoque
1726 3410 1935 3494 magis
1982 3408 2257 3490 incendi,

238 3498 414 3585 quod
456 3499 540 3565 iis
576 3500 996 3581 aemulemur,
1044 3498 1156 3583 qui
1193 3520 1270 3563 ea
1305 3497 1617 3582 habeant,
1664 3518 1827 3579 quae
1861 3517 1978 3561 nos
2014 3495 2255 3560 habere

2282 1794 2363 1921 ΕΞ
