2609 3884
385 195 542 251 XXII
1015 188 1443 244 ADNOTA'I'IO
1481 187 1785 242 CRITICA.

386 350 800 423 respondeant?
844 380 907 391 --
946 347 1009 402 P.
1051 355 1170 404 188.
1212 353 1278 403 16
1318 352 1569 416 oportun.
1608 346 1768 402 codd.
1811 345 2112 414 ‘ubique’3
2151 362 2205 399 v.
2246 344 2414 412 Seyff.

385 425 539 479 Lael.
568 441 623 492 p.
657 427 774 476 139.
805 451 872 461 —
900 420 960 474 Ρ.
994 424 1112 474 188.
1142 425 1207 473 31
1249 436 1331 487 sq.
1360 435 1425 474 ea
1458 449 1531 458 —
1566 422 1988 486 anteponentur
2024 415 2248 485 scripsi,
2287 415 2414 470 cod.

387 494 438 547 A
472 495 706 562 finitwre
740 507 837 546 nec
873 521 938 530 ——
978 495 1424 559 anteponentur,
1467 486 1515 541 B
1533 489 1579 542 E
1628 489 1847 560 finitur,
1867 503 1965 542 nec
2000 517 2068 526 —-
2105 491 2417 566 antepone-

388 570 655 629 rentur,
683 561 869 616 Madv.
891 561 950 614 et
974 560 1119 615 Bait.
1147 561 1363 627 finitur,
1389 575 1487 614 nec
1512 589 1580 599 —
1609 562 1975 627 anteponent.
2029 556 2198 610 Falsa
2226 572 2418 610 omma

389 634 575 689 Madv.
596 631 738 687 mihi
765 632 834 685 de
861 630 950 684 his
979 629 1163 685 verbis
1192 632 1439 684 statuere
1464 629 1703 684 videtur.
1750 628 1895 682 Nam
1922 626 2165 696 primum
2188 628 2419 681 tantum

391 705 575 771 abest,
629 705 695 757 ut
745 718 976 772 quorum
1028 699 1327 754 masculini
1379 699 1601 768 generis
1657 698 1754 766 sit,
1800 700 1864 753 ut
1906 698 2001 752 vix
2038 696 2220 779 possit
2273 713 2417 763 esse,

389 777 691 844 propterea
743 771 895 842 quod
949 770 1110 839 quasi
1159 770 1495 825 disserentes
1539 768 1878 823 inducuntur
1932 767 2109 822 Stoici
2154 770 2420 832 (utuntur

391 846 610 911 simili),
661 843 736 898 ad
781 857 919 910 quos
965 840 1114 910 ipsos
1159 856 1390 909 quorum
1443 857 1639 910 parum
1694 841 1824 908 apte
1879 838 2416 892 accommodabitur.

390 915 624 983 Deinde,
661 912 759 982 qui
786 913 1167 980 anteponent,
1202 910 1373 965 iidem
1402 912 1582 979 erunt,
1608 909 1707 979 qui
1731 924 1845 964 non
1868 909 2006 964 satis
2039 913 2194 963 acute
2220 910 2422 963 dicwnt

393 988 467 1052 (v.
497 989 602 1052 33).
689 981 972 1036 ‘Bonum'
1022 981 1211 1035 autem
1260 981 1376 1035 ‘rei
1420 980 1654 1035 alicuius
1700 996 1803 1048 pro
1850 978 1968 1033 eius
2005 978 2417 1046 aestimatione,

391 1071 505 1123 qua
541 1070 609 1108 ea
642 1053 703 1106 in
737 1052 899 1106 bonis
938 1053 1253 1118 censeatur,
1300 1050 1415 1105 dici
1457 1051 1654 1120 posse'
1702 1049 1983 1104 neminem
2018 1049 2261 1103 arbitror
2302 1049 2419 1103 ‘la-

392 1125 720 1178 boraturum
759 1138 907 1190 esse,
943 1123 1009 1174 ut
1036 1121 1359 1190 ostendat',
1396 1122 1496 1176 sed
1534 1123 1733 1176 bonum
1768 1122 1855 1174 est
1883 1120 2061 1188 idem,
2098 1119 2249 1187 quod
2287 1121 2419 1173 ante

394 1195 545 1260 lauS,
582 1195 640 1247 et
675 1208 907 1263 quorum
943 1208 1095 1247 omne
1131 1192 1333 1246 bonnm
1367 1193 1743 1247 convenientia
1776 1190 1974 1257 finitur
2006 1189 2150 1244 bene
2186 1205 2417 1258 respon-

396 1264 495 1317 det
539 1263 625 1316 illi
670 1263 925 1317 cothurni
970 1264 1094 1317 laus
1138 1262 1240 1316 illa
1285 1266 1389 1328 est,
1433 1263 1508 1317 ad
1543 1263 1735 1330 pedem
1779 1265 1903 1329 apte
1953 1261 2236 1315 convenire
2271 1260 2329 1328 (i.
2369 1276 2417 1314 e.

397 1332 657 1387 cothurni
699 1332 909 1386 bonum
967 1331 1358 1398 convenientia
1412 1331 1637 1400 finitur).
1723 1329 2074 1385 Pronominis
2129 1347 2219 1397 ea,
2265 1331 2419 1398 quod

395 1403 616 1470 addidi,
671 1402 816 1456 vesti
861 1402 973 1455 ’um
1017 1401 1286 1456 remansit
1329 1401 1390 1455 in
1435 1401 1555 1457 cod.
1600 1400 1667 1455 A.
1716 1431 1783 1441 —
1830 1400 1891 1456 P.
1941 1405 2059 1455 188.
2107 1406 2174 1454 37
2226 1401 2421 1456 dieunt

395 1472 540 1527 Bait.
580 1489 611 1526 e
650 1473 772 1529 cod.
859 1473 975 1542 log.
1014 1504 1082 1512 -
1118 1472 1180 1525 P.
1214 1477 1332 1526 189.
1372 1477 1403 1526 2
1443 1489 1522 1541 sq.
1560 1471 1695 1527 Non
1728 1472 1913 1526 vident
1949 1501 2015 1510 —
2052 1471 2420 1526 diuturnitate

394 1543 552 1598 uncis
596 1543 727 1598 incl.
773 1543 918 1600 Bait.
969 1543 1054 1596 ed.
1105 1542 1355 1596 Tauchn.
1394 1571 1463 1581 -
1499 1543 1558 1595 P.
1600 1547 1718 1597 190.
1758 1547 1822 1596 21
1871 1543 2003 1610 post
2037 1557 2219 1596 rerum
2252 1541 2418 1596 inser.

395 1616 460 1668 in
495 1629 601 1669 usu
640 1613 703 1668 Ο.
740 1613 928 1680 Hein.,
975 1612 1246 1668 FleckeiS.
1294 1627 1419 1666 ann.
1466 1612 1603 1681 phil.
1654 1617 1790 1667 1866
1826 1630 1881 1681 p.
1921 1617 2041 1668 246.
2094 1641 2159 1651 -—
2196 1611 2257 1666 P.
2299 1617 2417 1667 190.

399 1690 464 1738 12
504 1689 634 1740 esset
670 1700 777 1740 om.
816 1683 893 1753 A,
928 1682 1074 1738 Bait.
1112 1713 1180 1723 —
1217 1682 1278 1737 P.
1312 1688 1431 1737 190.
1459 1688 1527 1736 32
1564 1683 1714 1736 verbi
1750 1699 1857 1736 om.
1894 1681 1971 1750 A,
2008 1682 2137 1736 secl.
2168 1681 2312 1737 Bait.
2352 1712 2419 1722 —

396 1754 458 1809 P.
489 1761 607 1810 191.
640 1760 667 1808 1
699 1756 885 1825 primo
921 1754 1035 1809 loco
1072 1752 1296 1823 scripsi,
1334 1753 1400 1805 ut
1434 1751 1615 1806 voluit
1652 1752 1713 1806 O.
1751 1752 1912 1806 Hein.
1951 1752 1987 1805 1.
2025 1752 2063 1808 1.
2102 1770 2156 1822 p.
2186 1758 2289 1806 245
2320 1771 2420 1822 sq„

398 1826 558 1880 codd.
599 1827 868 1894 primorie
911 1825 1054 1891 loeo,
1090 1823 1280 1893 priore
1326 1825 1439 1878 loco
1484 1821 1655 1890 Bait,
1701 1827 1739 1888 †
1770 1824 2044 1890 primario
2081 1824 2195 1878 loco
2229 1823 2421 1877 Madv.

396 1895 657 1963 idemque
697 1896 838 1950 coni.
861 1897 1046 1964 primo
1083 1895 1299 1960 ordine,
1337 1892 1489 1961 quod
1515 1893 1666 1946 recte
1702 1892 1987 1961 improbat
2022 1893 2183 1948 Hein.
2259 1893 2423 1948 Simi-

395 1965 528 2018 liter
561 1982 611 2032 ρ.
650 1970 765 2020 465..
799 1970 865 2019 15
894 1965 1200 2032 primordie
1229 1962 1500 2031 scriptum
1528 1964 1615 2015 est
1640 1978 1743 2031 pro
1770 1964 1952 2030 primo
1979 1965 2084 2020 die.
2114 1995 2179 2003 —
2207 1963 2268 2020 P.
2302 1970 2421 2019 191.

400 2039 466 2088 17
495 2035 632 2088 satis
661 2049 766 2088 om.
794 2033 864 2102 A,
893 2032 1038 2088 Bait.
1061 2033 1207 2087 —P.
1241 2038 1357 2086 191.
1380 2038 1446 2086 37
1476 2033 1538 2086 in
1566 2031 1693 2086 add.
1721 2033 1891 2103 vulg„
1920 2050 1987 2088 ex
2012 2034 2205 2090 Lamb.
2259 2034 2423 2100 Quod

398 2104 593 2158 contra
629 2102 766 2156 dicit
800 2102 1075 2172 Madvig.=
1125 2103 1143 2129 ‘
1160 2102 1271 2156 Sed
1297 2100 1645 2172 significatur
1678 2102 1796 2158 hic:
1840 2105 2016 2159 locum
2049 2106 2209 2159 habet
2234 2105 2297 2159 in
2322 2106 2424 2160 illo

395 2174 636 2243 yenere’,
672 2173 808 2241 quid
837 2171 943 2226 sibi
971 2172 1136 2240 velit,
1172 2172 1391 2243 nesci0,
1427 2173 1570 2226 illud
1608 2173 1748 2229 scire
1775 2174 1915 2228 mihi
1951 2174 2175 2242 videor,
2212 2190 2321 2231 esse
2356 2192 2425 2229 ex

396 2245 584 2313 aliquo
619 2259 806 2312 yenere
849 2243 968 2296 fere
1017 2243 1169 2296 idem
1205 2244 1421 2311 valere,
1467 2245 1620 2313 quod
1668 2247 1732 2300 in
1778 2246 1961 2315 aliquo
2004 2261 2220 2314 genere,
2264 2245 2425 2299 velut

395 2331 450 2383 p.
495 2318 609 2368 197.
654 2319 720 2367 14
765 2312 1039 2380 (amicitia
1083 2315 1190 2383 est)
1237 2329 1314 2368 ex
1358 2329 1417 2369 eo
1460 2330 1648 2384 qenere
1700 2318 1753 2381 (,
1796 2331 1935 2384 quae
1972 2320 2231 2382 prosunt)
2278 2315 2423 2369 nihil

397 2383 551 2437 aliud
589 2385 699 2451 est,
743 2382 855 2437 nisi
897 2384 1049 2453 quod
1084 2402 1137 2454 p.
1179 2390 1297 2440 197.
1343 2390 1411 2440 10
1459 2386 1780 2452 (commoda)
1823 2386 1897 2438 in
1932 2398 1991 2436 eo
2024 2399 2214 2452 genere
2248 2388 2426 2452 (sunt,

395 2469 535 2524 quae
552 2455 842 2523 proposita
869 2456 1173 2524 dicuntur),
1199 2471 1312 2523 quo
1332 2456 1589 2524 exemplo
1613 2454 1790 2508 utitur
1806 2452 2053 2522 Madvig.
2076 2483 2143 2492 --
2162 2452 2224 2508 P.
2248 2460 2367 2512 192.
2395 2463 2423 2511 1

394 2524 526 2596 [id]
570 2525 810 2591 efficiens
853 2525 1042 2581 Madv.
1091 2556 1158 2564 —
1203 2526 1264 2582 P.
1299 2530 1418 2582 192.
1460 2532 1525 2581 18
1563 2541 1771 2595 esseque
1820 2524 1981 2578 codd.
2020 2523 2065 2576 B
2101 2524 2175 2594 Ε,
2210 2525 2426 2595 Madv.,

395 2610 503 2650 esse
545 2594 620 2663 A,
667 2594 811 2650 Bait.
860 2625 930 2634 —
975 2595 1036 2651 P.
1080 2601 1198 2652 192.
1235 2601 1302 2651 33
1352 2613 1471 2665 sqq.
1528 2596 1900 2678 Quoniamque
1936 2626 2003 2635 -
2039 2610 2137 2649 nec
2180 2596 2245 2650 in
2295 2613 2423 2650 con-

393 2667 590 2748 trariis
633 2665 850 2747 Jacobo
897 2668 1123 2720 auctore
1168 2666 1299 2722 incl.
1346 2666 1491 2721 Bait.
1537 2685 1599 2721 m
1648 2666 1733 2723 ed.
1778 2666 1909 2719 min.
1962 2697 2033 2706 —
2080 2665 2142 2721 P.
2190 2673 2307 2721 193.
2354 2673 2421 2722 19

393 2751 562 2885 ggii-..8
579 2735 749 2858 Bag·
777 2736 1014 2861 &legib
1045 2736 1244 2877 ⁴:Lquod
1269 2737 1347 2861 elz}
1377 2735 2423 2874 ἶΞΒ’993925811ίὲἓῖζίἒεῗιέἠὲτὲαῗὲιῖὗῖ

393 2874 488 2928 luc
527 2873 852 2942 collocavit,
901 2825 1065 2930 codd.
1104 2879 1163 2930 et
1208 2877 1315 2930 cet.
1354 2875 1488 2930 edit.
1534 2876 1749 2930 habent
1781 2877 1913 2943 post
1947 2876 2126 2942 facere
2156 2880 2331 2947 possit
2366 2896 2422 2933 v.

395 2949 446 2998 5.
486 2975 553 2984 -
591 2944 651 2997 P.
686 2950 804 3001 194.
836 2952 899 2999 12
945 2962 1127 3002 rerum
1172 2961 1361 3000 earum
1406 2945 1529 3001 cod.
1566 2944 1642 3014 A,
1693 2945 1863 3014 Bait,
1914 2961 2103 3001 earum
2137 2964 2322 3004 rerum
2357 2949 2423 3016 B,

393 3014 583 3069 Madv,
624 3046 688 3054 —
729 3015 789 3070 P.
822 3021 939 3072 195.
969 3023 1002 3070 3
1041 3017 1363 3084 eandemque
1399 3016 1521 3072 cod.
1557 3016 1631 3085 B,
1666 3015 1883 3084 Madv.,
1920 3033 2139 3087 eamque
2169 3018 2236 3087 A,
2272 3019 2421 3073 Bait.

394 3113 464 3124 -
501 3083 561 3138 P.
603 3089 719 3140 195.
760 3091 791 3140 6
839 3087 1184 3141 coniunctius
1226 3086 1467 3142 homines
1511 3087 1699 3144 Madv.
1748 3087 1835 3142 ed.
1874 3087 1952 3156 H,
2000 3090 2311 3145 coniunctio
2347 3095 2426 3144 est

392 3155 629 3210 hominis
665 3155 850 3224 codd.,
900 3157 1088 3212 Multo
1126 3155 1156 3190 ’¹‘
1191 3154 1222 3189 ’¹‘
1258 3157 1389 3212 haec
1423 3159 1735 3213 coniunctio
1771 3162 1849 3213 est
1892 3159 2128 3215 hominis
2164 3159 2311 3216 Bait.
2350 3191 2421 3202 —-

393 3224 455 3280 P.
498 3230 615 3282 195.
654 3230 722 3280 28
773 3226 1030 3296 Quodque
1076 3226 1266 3297 codd.,
1312 3226 1528 3297 Madv.,
1588 3228 1824 3298 Cumque
1868 3228 2097 3298 Bremi,
2155 3229 2299 3286 Bait.
2352 3263 2422 3272 —-

392 3295 453 3349 P.
509 3302 625 3350 196.
667 3301 732 3350 12
780 3313 950 3351 causa
995 3298 1256 3352 utilitatis
1302 3299 1465 3353 codd.
1520 3298 1571 3352 A
1589 3298 1660 3369 B,
1715 3299 1889 3367 Bait,
1936 3301 2198 3355 utilitatis
2253 3317 2425 3356 eausa

392 3364 580 3421 Madv.
621 3396 685 3406 —
723 3366 785 3420 P.
818 3372 934 3423 196.
966 3371 1032 3420 15
1071 3367 1180 3422 Sed
1214 3367 1402 3423 Madv.
1472 3369 1555 3422 Et
1591 3368 1778 3436 codd.,
1815 3367 1959 3424 Bait.
1999 3401 2067 3411 —
2103 3371 2163 3426 P.
2201 3376 2318 3426 196.
2351 3378 2423 3427 20

384 3437 620 3506 possint
658 3436 818 3491 codd.
859 3438 915 3489 et
951 3436 1102 3505 edd„
1142 3438 1293 3504 quod
1322 3410 1431 3492 etsi
1464 3438 1701 3493 fortasse
1732 3438 1960 3492 defendi
1985 3441 2202 3510 potest,
2240 3442 2423 3495 multo

391 3507 586 3560 tamen
620 3505 742 3559 veri
779 3504 1011 3558 similius
1051 3508 1138 3559 est
1176 3509 1502 3579 corruptum
1540 3523 1685 3575 esse;
1722 3525 1776 3564 v.
1814 3510 1888 3562 ad
1922 3527 1979 3581 p.
2020 3515 2103 3564 52.
2134 3517 2221 3567 25.
2252 3543 2320 3551 ——
2358 3513 2422 3576 P.
