2609 3884
337 183 442 236 XII
971 180 1393 238 ADNOTATIO
1432 181 1729 239 CRITICA.

339 340 496 394 Verr.
543 340 622 394 IV
657 345 742 395 23.
782 344 866 394 51.
906 369 974 380 -
1010 338 1072 395 Ρ.
1113 347 1196 397 66.
1237 346 1304 395 10
1350 339 1629 410 [poetam]
1671 340 1855 394 Halm.
1896 342 1953 395 et
2002 339 2145 394 Bait.
2184 370 2251 380 —
2288 339 2351 397 P.

342 416 423 464 66.
481 415 549 464 29
605 415 668 464 ut
704 415 804 464 aut
849 411 1109 477 adprobet
1151 412 1286 480 quid
1340 415 1441 464 aut
1491 411 1753 478 improbet
1804 410 1999 464 inclus.
2053 410 2237 464 Halm.
2294 413 2354 465 et

337 479 510 548 Bait„
561 480 704 535 bene
743 480 996 536 defendit
1033 481 1095 536 Ο.
1131 480 1292 534 Η9111.
1330 479 1390 533 in
1424 478 1625 535 Philol.
1666 479 1768 534 XV
1806 486 1905 534 677
1946 481 2005 534 et
2038 480 2098 534 in
2136 481 2350 548 quaest.

339 549 481 603 Tull.
520 568 575 619 p.
617 555 708 618 18,
745 567 850 605 nec
885 567 1019 605 vero
1058 567 1194 620 opus
1230 549 1454 604 videtur
1490 549 1731 603 scribere
1768 551 1885 605 ubi
1921 555 2033 606 aut.
2065 580 2131 592 -
2164 550 2224 604 Ρ.
2266 557 2349 606 66.

337 626 406 674 34
443 620 572 676 Sed
607 637 753 687 cum,
792 621 942 689 quod
975 619 1200 674 Halmio
1239 635 1461 689 quoque
1495 619 1557 673 in
1591 622 1837 674 mentem
1872 620 2053 687 venit,
2102 637 2215 676 non
2252 621 2351 674 du-

335 690 516 745 bitavi
558 691 815 754 scribere,
852 696 889 758 †
915 691 1031 744 Nec
1057 695 1120 744 ut
1144 689 1358 756 Halm„
1394 689 1478 744 Et
1512 705 1634 745 cum
1668 690 1884 758 Davis.‚
1922 691 2065 744 Bait.
2098 691 2215 746 Nec
2249 707 2350 760 pro

335 762 428 816 sed
473 763 561 816 est
599 761 661 814 in
707 761 865 815 codd.
914 760 1087 814 etiam
1129 778 1184 830 Ρ.
1224 766 1308 814 53.
1351 766 1433 814 14.
1473 790 1540 800 -
1576 758 1638 814 P.
1670 767 1753 817 66.
1797 766 1865 816 36
1911 762 2149 830 relinqui
2190 761 2350 828 Dav„

337 830 510 898 Bait„
546 833 767 900 reliquit
802 830 959 884 codd.
998 829 1122 897 (sed
1156 832 1276 898 quit
1310 830 1369 884 in
1404 829 1455 883 A
1488 830 1551 884 in
1584 833 1741 899 raa),
1777 832 1961 885 Halm.
2002 861 2069 872 —
2104 830 2167 887 P.
2204 838 2286 887 67.
2316 839 2349 886 3

338 902 665 970 adprobari
709 900 894 967 codd,
943 901 1296 968 adprobavit
1339 901 1526 955 Halm.
1565 931 1632 941 —
1668 900 1729 956 P.
1771 908 1857 956 67.
1898 906 1960 956 15
2008 903 2219 958 cadent
2254 902 2350 957 all.

335 972 571 1026 fortasse
598 973 767 1025 recte.
797 1001 863 1010 —
891 969 955 1022 P.
985 975 1069 1026 67.
1103 977 1168 1025 18
1197 989 1279 1038 sq.
1309 973 1581 1041 quodque
1608 1001 1675 1011 —
1702 973 2088 1042 dissimileque
2124 972 2352 1030 defendi

335 1057 448 1095 non
483 1042 674 1110 potest
706 1039 814 1094 nisi
849 1040 958 1108 ita,
993 1043 1060 1094 nt
1093 1043 1340 1110 quodque
1375 1041 1450 1095 sit
1481 1047 1531 1096 et
1566 1044 1713 1110 quia.
1772 1041 1951 1110 Certe,
1990 1044 2140 1110 quod
2176 1042 2353 1097 suasit

335 1111 518 1164 Halm.
549 1113 606 1164 et
639 1110 778 1164 fecit
802 1111 965 1178 Bait„
991 1113 1057 1164 nt
1092 1113 1334 1166 alterum
1369 1129 1470 1181 que
1507 1112 1776 1180 delerent,
1812 1129 1925 1167 non
1951 1113 2156 1182 placet.
2214 1114 2352 1168 Cum

335 1182 469 1250 quia
496 1211 562 1219 —
590 1185 705 1235 tum
740 1183 884 1250 quod
919 1184 1007 1235 est
1041 1200 1095 1252 Ρ.
1130 1186 1246 1238 178.
1275 1189 1336 1249 3,
1373 1183 1508 1251 quia
1543 1213 1610 1223 —
1646 1185 1791 1252 quod
1832 1189 2009 1238 autem
2047 1201 2100 1252 p.
2135 1189 2251 1238 191.
2281 1189 2349 1239 36

335 1268 474 1318 sqq.,
502 1253 636 1320 quia
654 1281 724 1292 ·—-
742 1257 792 1305 et
817 1253 962 1320 quod
978 1269 1031 1320 Ρ.
1063 1258 1182 1307 216.
1206 1259 1238 1306 6
1258 1270 1379 1320 sqq.
1401 1283 1468 1292 —
1488 1251 1551 1308 P.
1572 1260 1654 1309 67.
1677 1259 1745 1309 33
1774 1254 1943 1309 Siron
1967 1258 2099 1310 rest.
2122 1254 2350 1324 Haupt„

333 1320 521 1376 Herm.
559 1321 586 1374 I
619 1338 673 1390 Ρ.
713 1327 784 1374 40
811 1338 891 1391 sq.
931 1324 1143 1390 (opusc.
1171 1322 1248 1376 111
1281 1329 1387 1376 334
1416 1325 1544 1392 sq.),
1582 1324 1781 1378 Sciron
1817 1324 1976 1380 codd.
2007 1326 2067 1378 et
2094 1324 2249 1378 editt.
2281 1354 2348 1364 —

332 1390 394 1446 P.
447 1396 532 1445 68.
592 1397 658 1445 14
711 1391 1046 1446 habuerunt
1099 1392 1244 1448 Bait.
1299 1394 1535 1462 Kayseri
1597 1411 1788 1462 suasu,
1857 1411 1968 1462 qua
2032 1395 2100 1449 de
2166 1410 2349 1463 causa,

332 1460 549 1526 119901ος
587 1459 851 1517 definitur
875 1480 1050 1532 genus
1076 1479 1286 1531 rerum3
1327 1463 1395 1520 cf.
1425 1464 1498 1518 ad
1523 1480 1578 1533 p.
1608 1469 1725 1519 198.
1756 1471 1805 1532 9,
1839 1469 1959 1520 266.
1992 1470 2075 1533 13,
2112 1470 2231 1520 273.
2262 1471 2349 1533 31,

334 1537 454 1586 292.
485 1537 577 1599 30,
615 1531 689 1585 ad
725 1538 842 1586 309.
873 1539 970 1601 30,
1016 1539 1136 1587 439.
1175 1539 1261 1602 23,
1298 1538 1419 1588 455.
1461 1540 1542 1588 10.
1582 1565 1649 1574 -
1686 1534 1749 1590 P.
1781 1541 1864 1590 99.
1893 1540 1962 1590 22
2000 1553 2080 1603 sq.
2117 1551 2231 1590 non
2264 1535 2349 1589 in-

330 1601 557 1671 telleg0.
640 1602 900 1656 Formam
948 1603 1216 1658 orationis
1261 1603 1477 1658 emend.
1523 1604 1696 1672 Baia,
1754 1621 1881 1660 cum
1925 1605 2149 1674 scripsit
2192 1621 2349 1674 opor-

334 1676 483 1726 tere.
523 1701 590 1711 —
626 1669 690 1723 P.
721 1678 804 1727 69.
837 1679 902 1726 13
932 1678 1114 1741 posset
1158 1691 1210 1727 v.
1249 1673 1323 1727 ad
1359 1691 1412 1742 Ρ.
1452 1679 1535 1728 52.
1577 1680 1663 1729 25.
1692 1705 1759 1715 -
1796 1673 1858 1730 Ρ.
1891 1681 1975 1730 69.
2004 1682 2071 1730 28
2107 1677 2241 1744 quid
2276 1693 2350 1730 an

333 1743 477 1810 quod
519 1742 706 1797 verius
757 1742 854 1810 sit,
903 1742 1115 1797 dubito.
1161 1773 1228 1784 —
1278 1742 1343 1797 P.
1383 1749 1465 1798 69.
1506 1750 1571 1797 31
1618 1744 1992 1869 [Απῠίοοῆαὲ]
2035 1745 2241 1802 Baiter.
2281 1777 2348 1787 —

332 1811 392 1865 P.
437 1819 518 1867 70.
560 1820 592 1867 6
627 1815 692 1868 in
736 1816 1020 1883 anqustias
1071 1818 1121 1869 et
1164 1814 1472 1869 Stoicorum·
1522 1815 1595 1867 in
1648 1815 1863 1869 dumeta
1970 1815 2128 1884 alm„
2182 1816 2348 1886 Bait„

331 1885 396 1936 in
431 1883 595 1958 Stoic.
625 1885 772 1938 dwm.
809 1883 934 1949 alji;
968 1884 1081 1939 vid.
1120 1885 1193 1939 ad
1227 1901 1281 1954 p.
1328 1890 1409 1938 10.
1440 1890 1524 1938 20.
1553 1915 1619 1924 -
1647 1882 1709 1937 P.
1743 1891 1825 1940 70.
1856 1891 1888 1940 9
1926 1903 1963 1940 a
1986 1902 2110 1942 vero
2136 1886 2347 1956 Lamb.,

332 1969 359 2007 e
392 1967 516 2006 vero
554 1952 708 2007 codd.
755 1955 816 2007 et
846 1955 1027 2023 vulg.;
1065 1955 1134 2009 cf.
1173 1955 1246 2009 ad
1271 1973 1328 2024 p.
1359 1961 1405 2010 6.
1440 1961 1522 2010 11.
1551 1985 1618 1995 -
1646 1953 1707 2010 Ρ.
1741 1961 1823 2011 70.
1856 1960 1922 2010 18
1951 1973 2033 2024 sq.
2061 1957 2145 2012 his
2175 1959 2347 2012 mino·

332 2037 416 2076 res
453 2021 678 2091 Guyet.‚
716 2022 889 2091 Bait.,
925 2023 1061 2077 mihi
1094 2026 1373 2080 minores*
1417 2025 1529 2094 (vel
1570 2027 1849 2095 minorem)
1887 2026 2074 2094 codd,
2120 2028 2217 2096 qui
2262 2028 2349 2082 his

330 2093 510 2146 minor
545 2097 622 2147 est
655 2092 840 2147 Halm.
879 2123 946 2134 -
983 2092 1044 2148 P.
1085 2099 1167 2149 70.
1208 2101 1278 2149 24
1323 2098 1454 2164 post
1495 2097 1879 2164 politissimum
1913 2096 2057 2151 Bait.
2096 2098 2345 2166 Kaysero

332 2165 560 2216 auctore
597 2162 725 2217 add.
764 2178 870 2217 esse
905 2163 1126 2219 frustra.
1200 2165 1376 2219 Recte
1413 2165 1597 2220 Madv.
1634 2166 1727 2220 fin.
1764 2167 1818 2221 Π
1854 2174 1903 2221 4.
1946 2173 2009 2222 13
2046 2183 2102 2237 Ρ.
2134 2173 2235 2222 158
2264 2185 2344 2237 sq.

330 2233 438 2286 hoc
486 2248 706 2302 qnoque
753 2234 1070 2302 exemplum
1115 2235 1312 2289 attulit
1356 2235 1435 2289 sic
1482 2235 1829 2292 abundanter
1876 2237 2184 2306 positarum
2218 2254 2347 2306 par·

330 2302 631 2357 ticularum
666 2304 749 2358 ita
785 2305 844 2358 et
877 2307 958 2359 sic
994 2306 1241 2372 (poterat
1276 2305 1448 2359 etiam
1484 2323 1538 2375 p.
1569 2311 1653 2360 54.
1685 2313 1777 2376 33,
1819 2312 1936 2361 127.
1969 2313 2039 2362 35
2066 2326 2171 2376 sq.,
2227 2313 2344 2363 134.

330 2379 428 2441 22,
469 2378 584 2428 183.
616 2379 674 2439 2,
713 2378 833 2428 359.
863 2380 958 2441 31,
994 2381 1113 2430 372.
1145 2380 1238 2444 25,
1276 2381 1395 2430 400.
1428 2380 1520 2442 15,
1568 2376 1636 2430 de
1674 2393 1752 2430 01¹.
1789 2377 1816 2430 I
1852 2382 1936 2431 23.
1968 2383 2095 2445 108,
2131 2377 2264 2431 fam.
2293 2377 2346 2432 V
2371 2427 2381 2439 ,

332 2449 380 2496 2.
412 2449 470 2510 33
507 2461 560 2498 v.
596 2443 878 2513 Wichert,
916 2444 1179 2500 Stillehre
1214 2463 1268 2514 Ρ.
1308 2451 1409 2500 411
1446 2448 1604 2515 sqq.).
1642 2475 1709 2486 --
1746 2444 1807 2499 P.
1850 2452 1933 2503 71.
1972 2453 2037 2501 21
2076 2449 2347 2503 nolumus

331 2513 380 2567 si
432 2529 598 2569 nemo
654 2517 953 2582 aequasset
1005 2515 1084 2583 91,
1136 2516 1285 2584 qnod
1334 2516 1608 2584 sequitur,
1655 2519 2095 2584 persuaserint,
2143 2517 2346 2572 mirum

331 2587 508 2654 esset;
552 2584 654 2641 sed
695 2586 906 2640 nollem
949 2585 1218 2641 fecissent
1259 2586 1445 2640 Halm.
1484 2589 1543 2642 et
1575 2587 1717 2643 Bait.
1769 2587 1880 2658 Qui
1927 2588 2043 2643 labi
2074 2589 2346 2643 nolumus

332 2656 418 2708 est
454 2655 639 2723 quasi:
677 2658 778 2721 (ad
801 2673 903 2712 nos
937 2657 1306 2725 impudentiae
1342 2659 1544 2712 crimen
1576 2673 1693 2712 non
1721 2659 1980 2726 pertinet,
2015 2664 2171 2727 nam)
2202 2659 2347 2714 nihil

330 2725 568 2789 facimus
601 2725 716 2779 nisi
752 2727 869 2781 labi
901 2728 1179 2793 nolumus,
1223 2728 1314 2782 illi
1360 2729 1549 2780 autem
1599 2732 1940 2796 arroyantes,
1984 2729 2083 2796 qui
2115 2743 2345 2795 persua-

329 2794 571 2848 serint.-
625 2795 847 2848 illorum
881 2800 1042 2849 tanta
1075 2801 1154 2850 est
1187 2798 1538 2864 arroqantia‚
1582 2801 1647 2849 ut
1682 2825 1749 2835 —
1781 2798 2179 2864 persuaserint,
2223 2799 2342 2854 vel:

329 2879 416 2930 eo,
460 2864 605 2932 quod
642 2870 1063 2932 persuaserunt,
1107 2867 1377 2929 cernitur,
1421 2881 1585 2932 quam
1626 2866 1739 2919 sint
1788 2871 2123 2935 arroqantes.
2168 2868 2233 2922 V.
2273 2869 2348 2924 ad

328 2950 381 3002 p.
414 2937 498 2988 53.
529 2940 578 2988 6.
608 2963 679 2973 -
705 2931 765 2988 Ρ.
800 2939 882 2988 71.
913 2939 978 2987 31
1016 2950 1201 2988 verum
1236 2933 1451 2999 Davis.‚
1490 2933 1647 2990 codd.
1684 2935 1853 3000 velut,
1889 2935 2072 2992 Halm.
2113 2941 2171 2991 eb
2197 2938 2342 2995 Bait.

329 3005 426 3057 vel.
467 3033 534 3043 —
567 3002 631 3058 P.
672 3009 753 3058 72.
796 3008 828 3056 5
876 3003 1254 3058 liniamentum
1295 3004 1690 3072 lonqitudinem
1738 3006 2032 3062 latitudine
2081 3015 2344 3063 carentem

328 3073 545 3143 Davis.,
589 3073 762 3140 Bait„
809 3073 928 3141 all.,
981 3072 1137 3128 codd.
1183 3075 1282 3127 lin.
1328 3074 1447 3128 sine
1489 3074 1607 3128 ulla
1652 3075 1789 3130 latit.
1838 3093 1949 3133 car.
1987 3107 2055 3118 -
2090 3076 2153 3132 P.
2196 3085 2278 3135 72.
2311 3086 2343 3134 7

327 3160 424 3198 nec
457 3143 642 3215 prius]
680 3143 822 3198 Mihi
847 3159 961 3198 non
995 3145 1114 3198 tam
1141 3145 1355 3198 certum
1394 3143 1620 3199 videtur
1656 3163 1825 3214 quam
1858 3146 2085 3202 Halmio
2126 3149 2143 3176 ‘
2156 3149 2344 3203 locum

327 3231 475 3268 nunc
510 3215 870 3285 pei-sanatum
908 3215 1070 3269 esse.'
1112 3246 1177 3254 —
1215 3213 1277 3269 P.
1310 3220 1393 3270 72.
1424 3221 1493 3268 34
1517 3217 1695 3282 primo
1731 3216 1940 3273 malim.
1973 3249 2036 3259 —
2066 3217 2128 3275 P.
2159 3225 2243 3274 73.
2272 3225 2343 3273 20

324 3289 556 3354 permeet
592 3285 750 3339 codd.
787 3285 894 3338 AB
931 3284 991 3338 in
1033 3299 1169 3351 raa,
1207 3285 1351 3340 Bait.
1391 3315 1458 3326 —
1494 3284 1557 3340 P.
1599 3292 1681 3342 73.
1720 3293 1785 3342 31
1825 3290 2073 3343 exsistere
2108 3290 2244 3343 mut.
2281 3288 2341 3344 in

329 3356 536 3421 efficere
570 3355 837 3424 Walker,
881 3353 1027 3410 Bait.
1058 3387 1120 3396 —-
1151 3355 1214 3413 P.
1246 3363 1328 3412 73.
1360 3363 1430 3412 34
1455 3357 1822 3427 relinquatur
1858 3359 2052 3414 dubito
2088 3375 2162 3414 an
2189 3361 2342 3414 recte

329 3424 712 3482 emendaverit
758 3425 970 3484 Manat.
1024 3427 1393 3498 relinquetur.
1444 3457 1510 3469 -
1560 3426 1623 3482 P.
1668 3433 1749 3483 73.
1793 3431 1861 3484 37
1908 3429 2083 3485 dicere
2130 3429 2341 3498 addidi,

327 3496 510 3553 Halm.
559 3498 618 3552 et·
662 3495 806 3552 Bait.
851 3499 1184 3568 respondere.
1233 3529 1296 3540 --
1343 3496 1409 3552 P.
1450 3503 1533 3552 74.
1572 3503 1605 3554 8
1642 3498 1786 3554 Bait.
1834 3497 1904 3552 de
1949 3499 2164 3554 Davisii
2200 3501 2345 3556 sent.

57 3763 120 3813 ,f
279 3766 326 3830 ᾖ
