2609 3884
582 251 591 254 α
700 177 836 234 LIB.
871 177 914 234 Ῑ.
972 176 1125 234 ΟΑΡ.
1164 183 1311 233 40-
1325 183 1408 232 42.
1473 182 1821 244 ι395-100.
2144 179 2272 244 317

238 340 300 406 si
355 337 590 404 similis
643 324 867 404 futura
921 341 1022 404 est
1086 339 1487 423 perpetuitas
1544 339 1753 404 omnis
1819 341 2271 425 consequentis

239 427 588 510 temporiS,
635 427 780 526 quis
827 447 931 491 me
977 426 1272 492 beatior?
1376 417 1531 491 Sin
1536 448 1691 492 vera
1736 430 1911 511 sunt,
1972 450 2135 513 quae
2182 430 2378 502 (11-98

243 519 507 598 cuntur,
562 513 1020 598 migrationem
1077 536 1220 580 esse
1273 518 1548 579 mortem
1594 515 1663 578 in
1709 536 1815 580 eas
1863 538 2009 581 oras
2020 565 2040 600 ,
2095 538 2273 601 quas,

245 603 360 688 qui
395 625 432 667 e
467 602 604 667 vita
640 605 1084 687 excesserunt,
1127 602 1448 686 incolunt,
1493 603 1563 667 id
1598 603 1864 668 multo‘
1844 626 1977 668 lam
2017 605 2272 670 beatius

185 715 218 757 s
248 693 370 756 est.
439 689 642 774 Tene,
687 711 832 755 cum
870 691 952 755 ab
995 691 1110 774 iis,
1154 691 1264 774 qui
1303 711 1373 755 se
1407 690 1689 756 iudicum
1733 712 2001 757 numero
2046 691 2273 757 haberi
2352 727 2359 732 ·

244 779 504 863 volunt,
541 778 851 864 evaseris,
888 778 970 843 ad
1008 799 1118 843 eos
1153 778 1398 862 venire,
1440 779 1551 863 qui
1587 799 1735 844 vere
1771 779 2016 844 iudices
2056 781 2272 864 appel-

243 869 489 952 lentur,
545 865 858 951 Minoem,
916 865 1515 951 Rhadamanthum,
1580 866 1894 950 Aeacum,
1956 867 2271 952 Triptole-

246 976 455 1039 mum,
499 955 966 1039 convenireque
1006 975 1133 1039 603,
1171 955 1282 1038 qui
1319 955 1492 1019 iusto
1524 960 1583 1020 et
1616 976 1763 1020 cum
1803 955 1929 1020 fide
1965 956 2269 1022 vixerint!

221 1041 433 1107 Haec
473 1042 916 1127 peregrinatio
963 1042 1302 1107 mediocris
1350 1043 1537 1108 vobis
1583 1043 1785 1109 videri
1828 1044 2091 1126 potest?
2178 1044 2273 1111 Ut

160 1156 220 1196 ιο
248 1152 406 1196 vero
444 1131 750 1215 conloqui
785 1152 932 1196 cum
969 1129 1254 1214 Orpheo,
1289 1129 1584 1216 Musaeo,
1628 1130 1944 1216 Homero,
1984 1131 2272 1199 Hesiodo

247 1220 470 1303 liceat,
533 1219 759 1320 quanti
820 1218 1085 1283 tandem
1157 1219 1564 1284 aestimatis?
1680 1218 2004 1304 Equidem
2078 1242 2271 1305 saepe

253 1307 482 1390 emori,
528 1307 585 1371 si
628 1307 771 1371 ficri
813 1310 1063 1391 posset,
1108 1307 1373 1390 vellem,
1418 1311 1493 1372 ut
1539 1328 1641 1391 ea,
1685 1329 1849 1392 quae
1895 1308 2066 1392 dico,
2110 1309 2274 1374 mihi

249 1395 478 1460 liceret
517 1395 824 1460 invenire.
906 1393 1166 1470 Quanta
1211 1394 1639 1460 delectatione
1686 1399 1903 1461 autem
1949 1397 2274 1482 adficerer,

253 1505 402 1548 cum
427 1482 855 1566 Palamedem,
891 1504 1035 1548 cum
1063 1482 1351 1565 Aiacem,
1388 1504 1534 1548 cum
1572 1482 1735 1548 alios
1771 1483 2068 1549 iudicio
2047 1484 2270 1569 miquo

167 1594 225 1636 15
253 1571 724 1637 circumventos
779 1571 1214 1636 convenirem!
1314 1570 1732 1654 Temptarem
1792 1571 1989 1636 etiam
2036 1572 2274 1637 summi

252 1660 456 1744 regis,
501 1660 611 1744 qui
656 1659 974 1724 maximas
1022 1659 1240 1742 copias
1289 1659 1475 1723 duxit
1520 1658 1600 1723 ad
1644 1657 1933 1742 Troiam,
1983 1662 2051 1723 et
2094 1657 2283 1724 Ulixi·

253 1746 645 1848 Sisyphique
699 1747 1135 1830 prudentiam,
1186 1767 1304 1813 nec
1360 1746 1443 1812 ob
1500 1768 1644 1811 eam
1697 1767 1862 1831 rem,
1918 1767 2063 1811 cum
2110 1746 2273 1812 haec

253 1835 682 1920 exquirerem,
729 1835 896 1900 sicut
936 1834 1046 1899 1110
1089 1834 1436 1918 faciebam,
1481 1834 1695 1918 capite
1740 1834 2097 1900 damnarer.
2170 1834 2272 1901 Ne

252 1945 371 1989 vos
427 1921 712 2007 quidem,
766 1922 1010 1987 iudices
1065 1922 1140 2006 ii,
1205 1923 1317 2023 qui
1371 1944 1475 1987 me
1530 1921 1933 2007 absolvistis,
1996 1925 2273 1988 mortem

171 2035 232 2076 zo
253 2011 619 2076 timueritis.
707 2009 846 2077 Nec
901 2011 1074 2076 enim
1129 2010 1427 2094 cuiquam
1481 2010 1655 2075 bono
1708 2009 1867 2075 mali
1929 2011 2272 2096 quicquam
2309 2033 2377 2083 99

255 2101 511 2166 evenire
554 2101 776 2183 potest
817 2120 938 2164 nec
971 2098 1122 2164 vivo
1159 2119 1279 2164 nec
1312 2101 1568 2164 mortuo
1577 2147 1595 2182 ‚
1640 2120 1759 2164 nec
1794 2120 2098 2184 umquam
2134 2100 2271 2166 eius

253 2211 354 2254 res
392 2211 434 2252 a
471 2187 570 2251 dis
615 2186 1067 2252 inmortalibus
1113 2187 1563 2272 neglegentur,
1608 2207 1725 2251 nec
1770 2187 1933 2252 mihi
1976 2187 2105 2272 ipsi
2134 2187 2274 2260 ,1100

254 2275 492 2341 accidit
531 2274 821 2340 fortuito.
891 2272 1031 2340 Nec
1067 2295 1220 2339 vero
1259 2295 1378 2360 ego
1416 2275 1527 2358 iis,
1572 2296 1613 2339 a
1654 2274 1887 2360 quibus
1935 2280 2272 2342 accusatus

254 2367 370 2429 aut
415 2385 456 2428 a
502 2362 733 2447 quibus
780 2363 1240 2429 condemnatus
1299 2385 1471 2447 sum,
1523 2362 1735 2428 habeo
1790 2363 1962 2447 quod
2018 2386 2273 2430 suscen-

174 2475 228 2516 85
255 2475 464 2536 seam,
505 2451 636 2515 11131
682 2450 852 2536 quod
889 2449 1052 2516 mihi
1087 2472 1318 2516 nocere
1356 2472 1425 2515 se
1461 2450 1908 2515 crediderunt?
1984 2451 2077 2515 Et
2110 2451 2273 2517 haec

254 2539 520 2626 quidem
561 2538 686 2604 hoc
729 2538 951 2622 modo;
1000 2538 1168 2604 nihil
1211 2542 1428 2603 autem
1472 2538 1700 2603 melius
1748 2541 2060 2604 extremo.
2128 2537 2275 2604 Sed

254 2634 516 2712 tempus
563 2625 710 2711 est',
763 2627 1003 2712 inquit,
1059 2625 1214 2691 ‘iam
1259 2627 1413 2692 hinc
1467 2626 1644 2690 abire
1697 2647 1827 2710 me,
1888 2629 1964 2691 ut
2016 2627 2277 2712 moriar,

253 2715 648 2870 12:²30ssAE
647 2713 1406 2887 “stffifflfflff
1430 2717 1688 2887 qiffissffi
1747 2714 2277 2869 {trffessssfiffiss

175 2915 230 2958 ω
255 2889 625 2959 neminem?

390 2978 455 3046 N
457 3001 494 3045 6
556 2999 678 3065 ego
741 2978 916 3044 haud
975 2979 1172 3063 paulo
1227 2979 1399 3045 hunc
1455 2979 1741 3044 animum
1796 2980 2018 3045 malim
2083 3002 2277 3065 quam
2294 2985 2382 3050 42

257 3091 483 3135 eorum
556 3067 844 3133 omnium
913 3067 1209 3134 fortunas
1219 3118 1238 3153 ,
1312 3067 1425 3153 qui
1488 3067 1564 3133 de
1627 3067 1753 3134 hoc
1815 3068 2278 3134 iudicaverunt.

255 3157 434 3242 Etsi,
497 3156 668 3240 quod
729 3159 990 3240 praeter
1051 3155 1205 3221 deos
1258 3158 1458 3241 negat
1518 3156 1681 3221 scire
1736 3178 2149 3241 quemquam,
2211 3157 2279 3221 id

259 3246 386 3311 scit
426 3245 568 3329 ipse
612 3246 832 3309 utrum
875 3244 962 3310 sit
1006 3243 1262 3329 melius3
1306 3266 1462 3308 nam
1510 3244 1671 3310 dixit
1708 3249 1885 3330 ante3
1934 3244 2047 3310 sed
2092 3266 2277 3310 suum

179 3357 231 3399 ⁸5
258 3332 450 3418 illud,
511 3332 678 3398 nihil
740 3335 815 3398 ut
878 3332 1201 3414 adfirmet,
1252 3335 1433 3397 tenet
1488 3331 1569 3396 ad
1628 3336 2004 3398 extremum.
2093 3331 2231 3397 Nos
2283 3350 2384 3402 100

249 3425 480 3487 ‘autem
540 3424 874 3486 teneamus
893 3469 912 3504 ,
981 3423 1056 3485 ut
1125 3419 1292 3486 nihil
1357 3441 1728 3486 censeamus
1802 3441 1943 3485 6336
2014 3419 2277 3503 malum,

258 3508 430 3597 quod
485 3509 573 3574 sit
627 3532 667 3575 a
719 3511 952 3574 natura
1007 3508 1225 3573 datum
1285 3508 1615 3594 omnibus,
1677 3508 2277 3592 intellegamusque,
