2609 3884
655 145 791 199 LIB.
829 146 924 201 IV.
981 146 1136 201 CAP.
1179 152 1421 203 17—19.
1477 152 1507 213 ἓ
1546 154 1791 205 47-52.
2105 151 2232 215 221

213 306 486 372 volunt‘?
575 306 716 371 Iam
781 310 895 372 aut
948 304 1252 392 Callipho
1308 311 1423 384 aut
1474 307 1799 375 Diodorus
1854 333 1982 395 quo
2042 313 2234 378 modo
2274 334 2341 384 50

211 398 523 479 poterunt
555 396 680 460 tibi
719 396 894 460 istud
933 396 1306 482 concedere,
1342 396 1455 481 qui
1490 397 1571 461 ad
1605 398 2016 464 honestatem
2056 402 2235 466 aliud

213 484 602 569 adiungunt,
655 484 828 568 quod
883 506 961 549 ex
1016 485 1238 551 eodem
1299 504 1538 569 genere
1589 508 1721 551 non
1774 486 1903 552 sit?
2009 488 2236 554 Placet

210 572 415 657 igitur
466 572 619 655 tibi,
679 569 874 657 Cato,
929 594 1076 637 cum
1128 595 1234 638 res
1291 574 1642 657 sumpseris
1700 596 1834 641 non
1877 597 2237 662 concessas,
2336 648 2345 655 ,

20 682 22 687 ·
158 684 185 724 5
213 681 290 724 ex
341 660 480 724 illis
537 660 818 745 efficere,
872 661 1046 745 quod
1103 661 1309 727 velis?
1411 662 1553 727 Iam
1603 663 1716 727 ille
1780 664 2042 748 sorites,
2105 687 2233 750 quo

20 736 24 789 >
209 748 375 813 nihil
420 748 670 831 putafis
717 770 858 814 esse
906 749 1236 814 vitiosius:
1292 750 1466 835 quod
1519 751 1763 816 bonum
1808 752 1921 835 sit,
1978 752 2047 817 id
2094 774 2231 818 esse

211 838 527 922 optabile,
593 837 765 922 quod
827 838 1140 922 optabile,
1191 838 1258 902 id
1312 840 1765 924 expetendum,
1821 841 1993 927 quod
2047 863 2235 926 expe-

209 925 501 1009 tendum,
555 924 622 989 id
675 925 1029 1010 laudabile,
1093 926 1242 991 dein
1295 928 1527 1011 reliqui
1580 928 1839 1013 gradus.
1930 927 2054 994 Sed
2113 950 2233 1016 ego

209 1013 280 1077 in
342 1012 472 1079 hoc
523 1014 786 1099 resisto;
855 1015 1078 1080 eodem
1135 1015 1309 1080 enim
1363 1015 1556 1081 modo
1608 1016 1731 1080 tibi
1786 1038 1981 1082 nemo
2036 1018 2235 1103 dabit,

135 1127 182 1166 ιο
209 1100 380 1185 quod
437 1101 861 1185 expetendum
917 1102 1031 1187 sit,
1083 1102 1152 1167 id
1206 1124 1348 1168 esse
1400 1104 1749 1169 laudabile.
1851 1106 2022 1171 Illud
2079 1129 2228 1172 vero

207 1190 476 1254 minime
540 1190 1036 1275 consectarium,
1101 1191 1212 1255 sed
1265 1192 1337 1255 in
1386 1192 1618 1275 primis
1677 1193 1905 1279 hebes,
1968 1194 2231 1260 illorum

209 1278 486 1362 scilicet,
538 1300 672 1343 non
724 1282 954 1362 tuum,
1002 1279 1393 1363 gloriatione
1448 1280 1713 1365 dignam
1770 1303 1910 1347 esse
1968 1282 2231 1349 beatam

207 1367 439 1451 vitam,
486 1366 659 1450 quod
702 1389 836 1433 non
880 1367 1092 1451 possit
1138 1368 1278 1432 sine
1322 1368 1665 1434 honestate
1712 1371 2104 1456 contingere,
2155 1375 2232 1437 ut

208 1454 346 1519 iure
401 1454 746 1539 quisquam
799 1456 1133 1541 glorietur.
1230 1455 1435 1520 Dabit
1489 1456 1614 1521 hoc
1660 1456 1904 1523 Zenoni
1948 1458 2231 1543 Polemo,
2268 1472 2335 1521 51
2424 1464 2431 1471 ‘

135 1566 184 1607 15
213 1543 413 1607 etiam
459 1544 774 1628 magister
829 1544 967 1608 eius
1023 1547 1089 1609 et
1141 1546 1284 1608 tota
1338 1544 1452 1609 illa
1497 1565 1659 1629 gens
1706 1549 1773 1609 et
1816 1546 2077 1631 reliqui,
2123 1550 2234 1631 qui

207 1631 516 1696 virtutem
564 1632 865 1696 omnibus
905 1631 1099 1696 rebus
1137 1632 1346 1697 multo
1382 1635 1843 1715 anteponentes
1874 1634 2234 1720 adiungunt

210 1719 268 1782 ei
311 1722 534 1783 tamen
589 1719 835 1803 aliquid
889 1741 1142 1784 summo
1195 1720 1265 1784 in
1318 1719 1489 1786 bono
1548 1720 1848 1786 finiendo.
1941 1719 2010 1786 Si
2057 1724 2229 1787 enim

208 1806 413 1871 virtus
469 1808 666 1893 digna
712 1810 812 1872 est
856 1808 1272 1893 gloriatione,
1327 1810 1404 1871 ut
1448 1810 1573 1892 est,
1616 1812 2001 1893 tantumque
2045 1832 2230 1894 prae-

211 1898 342 1959 stat
387 1896 656 1979 reliquis
701 1895 921 1980 rebus,
967 1899 1042 1959 ut
1086 1896 1216 1961 dici
1259 1896 1369 1960 vix
1410 1896 1646 1980 possit,
1705 1900 1772 1961 et
1818 1898 2043 1963 beatus
2092 1920 2231 1964 esse

129 2008 182 2047 ιο
209 1984 451 2067 poterit
485 1984 726 2048 virtute
761 2006 894 2048 una
925 1984 1278 2067 praeditus,
1316 2005 1541 2048 carens
1570 1986 1821 2068 ceteris,
1855 2007 1976 2051 nec
2011 1990 2232 2053 tamen

208 2072 371 2135 illud
434 2071 561 2135 tibi
614 2072 946 2155 concedet,
1003 2076 1260 2155 praeter
1313 2073 1621 2138 virtutem
1675 2074 1844 2138 nihil
1906 2075 1976 2139 in
2041 2076 2229 2141 bonis

210 2180 348 2225 esse
395 2159 770 2226 ducendum.
868 2159 975 2224 Illi
1031 2163 1273 2245 autem,
1327 2161 1561 2244 quibus
1615 2183 1940 2227 summum
1986 2164 2229 2230 bonum

209 2248 346 2312 sine
399 2248 642 2312 virtute
697 2251 823 2334 est,
884 2269 1017 2313 non
1071 2249 1317 2313 dabunt
1370 2248 1660 2315 fortasse
1703 2252 1905 2315 vitam
1968 2252 2229 2317 beatam

206 2335 476 2420 habere,
530 2336 601 2400 in
654 2356 780 2421 quo
839 2336 1052 2420 possit
1103 2338 1244 2401 iure
1298 2337 1598 2422 gloriari,
1654 2340 1779 2404 etsi
1825 2339 1923 2403 illi
1971 2340 2228 2423 quidem

127 2446 180 2487 25
207 2424 408 2489 etiam
455 2424 824 2507 voluptates
868 2424 1118 2489 faciunt
1159 2425 1485 2489 interdum
1532 2426 1872 2510 gloriosas

338 2510 541 2577 Vides
604 2512 808 2597 igitur
870 2516 935 2577 te
999 2516 1114 2579 aut
1177 2534 1252 2577 ea
1316 2534 1595 2598 sumere,
1655 2535 1817 2598 quae
1881 2536 2015 2578 non
2079 2488 2333 2613 con-152

205 2600 542 2685 cedantur,
589 2603 702 2665 aut
739 2622 840 2685 ea,
887 2622 1051 2685 quae
1088 2601 1286 2666 etiam
1323 2623 1630 2667 concessa
1673 2606 1739 2666 te
1784 2602 1950 2666 nihil
1987 2602 2227 2667 iuvent.

204 2688 523 2773 Equidem
558 2688 630 2752 in
665 2689 966 2754 omnibus
1005 2689 1152 2754 istis
1191 2690 1714 2755 conclusionibus
1760 2689 1884 2754 hoc
1930 2693 2227 2773 putarem

204 2776 620 2860 philosophia
662 2777 980 2861 nobisque
1036 2778 1334 2863 dignum,
1390 2781 1455 2841 et
1502 2777 1807 2862 maxime,
1864 2799 2009 2842 cum
2056 2800 2229 2843 sum·

125 2890 180 2930 so
205 2886 385 2928 mum
439 2865 683 2929 bonum
752 2887 1231 2949 quaereremus,
1292 2866 1499 2930 vitam
1552 2869 1873 2950 nostram,
1936 2868 2228 2953 consilia,

204 2954 603 3037 voluntates,
647 2974 781 3018 non
823 2954 1022 3017 verba
1058 2953 1313 3037 corrigi.
1386 2952 1543 3029 Quis
1584 2955 1754 3018 enim
1798 2958 2018 3037 potest
2060 2956 2227 3039 istis,

204 3061 369 3124 quae
412 3044 508 3124 te,
560 3043 636 3105 ut
695 3041 818 3124 aiS,
873 3041 1225 3125 delectant,
1278 3041 1583 3107 brevibus
1632 3044 1698 3107 et
1736 3044 1943 3107 acutis
1990 3043 2227 3109 auditis

205 3128 284 3193 de
329 3129 654 3193 sententia
698 3128 1041 3194 decedere?
1113 3128 1288 3196 Nam
1326 3151 1472 3193 cum
1510 3133 1893 3214 exspectant
1930 3135 1995 3196 et
2032 3135 2229 3197 avent

191 3216 453 3301 audire,
499 3238 611 3281 cur
655 3216 836 3283 dolor
880 3218 1124 3283 malum
1168 3239 1304 3282 non
1351 3217 1464 3301 sit,
1512 3218 1735 3282 dicunt
1778 3218 1881 3283 illi
1927 3240 2227 3302 asperum

126 3329 179 3369 ιε
207 3324 346 3369 esse
419 3304 671 3389 dolere,
743 3305 1127 3389 molestum,
1200 3305 1531 3390 odiosum,
1605 3310 1834 3371 contra
1904 3310 2228 3390 naturam,

205 3392 466 3457 difficile
527 3394 835 3477 toleratu,
899 3393 1038 3478 sed,
1102 3394 1253 3477 quia
1314 3393 1495 3457 nulla
1548 3393 1637 3457 sit
1699 3394 1770 3457 in
1838 3393 2054 3459 dolore
2108 3416 2227 3458 nec

204 3480 380 3547 fraus
434 3502 556 3546 nec
607 3481 992 3565 improbitas
1046 3502 1164 3546 nec
1211 3481 1466 3545 malitia
1517 3502 1637 3545 nec
1682 3482 1873 3563 culpa
1928 3502 2048 3544 nec
2091 3484 2227 3543 tur-
