2609 3884
361 150 489 213 110
681 149 780 204 DE
816 140 1108 204 FINIBUS
1143 147 1503 204 BONORUM
1537 147 1634 203 ΕΤ
1670 146 2035 205 MALORUM

354 310 594 393 ferant,
648 310 803 394 quid
857 313 958 375 est
1010 330 1126 376 cur
1178 309 1546 375 dubitemus
1600 309 1808 373 dicere
1860 312 1931 374 et
1988 309 2373 394 sapientiam

353 402 622 482 propter
656 399 1025 482 voluptates
1062 397 1488 481 expetendam
1526 400 1592 462 et
1612 396 2068 480 ‘insipientiam
2109 400 2376 481 propter

250 502 317 552 47
355 486 690 551 molestias
728 507 868 551 esse
903 485 1322 570 fugiendam?
1393 483 1763 570 Eademque
1798 484 2051 550 ratione
2090 506 2175 550 ne
2216 488 2377 549 tem-

353 575 716 658 perantiam
753 572 1011 658 quidem
1046 576 1317 657 propter
1344 594 1413 637 se
1440 571 1863 656 expetendam
1895 594 2035 637 esse
2071 572 2377 656 dicemus,

357 662 470 727 sed
515 662 667 746 quia
710 682 937 745 pacem
981 662 1217 726 animis
1263 661 1495 727 afferat
1544 663 1613 725 et
1651 682 1763 727 eos
1812 660 1996 745 quasi
2032 659 2379 726 concordia
2401 684 2427 724 ε

356 750 632 833 quadam
667 750 884 833 placet
917 769 995 814 ae
1025 749 1244 814 leniat.
1328 746 1789 832 Temperantia
1823 753 1923 814 est
1958 748 2156 832 enim,
2192 769 2380 833 quae,

355 838 424 901 in
467 837 661 904 rebus
707 841 824 902 aut
867 836 1240 921 expetendis
1287 839 1403 902 aut
1442 836 1769 921 fugiendis
1806 839 1883 901 ut
1916 836 2242 901 rationem
2280 857 2380 901 se-

357 947 653 1010 quamur,
707 930 943 991 monet.
1043 923 1110 991 N
1111 946 1183 990 ec
1241 924 1414 989 enim
1468 924 1628 990 satis
1684 927 1787 990 est
1846 923 2161 1008 iudicare,
2223 924 2380 1009 quid

355 1013 720 1078 faciendum
762 1034 896 1078 non
937 1011 1379 1078 faciendumve
1426 1012 1538 1097 sit,
1584 1012 1695 1077 sed
1734 1014 1905 1077 stare
1943 1012 2142 1077 etiam
2186 1033 2377 1096 opor·

353 1104 453 1165 tet
495 1102 565 1164 in
611 1122 715 1184 eo,
762 1100 932 1183 quod
977 1101 1066 1165 sit
1106 1100 1479 1166 iudicatum.
1567 1098 1869 1184 Plerique
1912 1103 2157 1184 autem,
2203 1100 2377 1185 quod
2403 1124 2457 1164 ιο

354 1191 573 1253 tenere
636 1192 828 1273 atque
892 1209 1148 1253 servare
1209 1187 1304 1272 id,
1370 1188 1540 1273 quod
1601 1188 1731 1272 ipsi
1792 1190 2186 1272 statuerunt,
2242 1209 2379 1254 non

354 1279 658 1360 possunt,
710 1276 869 1341 victi
923 1280 990 1341 et
1043 1276 1366 1342 debilitati
1430 1276 1687 1342 obiecta
1743 1276 1956 1359 specie
2018 1275 2377 1360 voluptatis

354 1364 622 1429 tradunt
665 1384 732 1429 se
777 1364 1152 1429 libidinibus
1185 1364 1732 1449 constringendos
1787 1384 1935 1448 nec,
1988 1363 2142 1448 quid
2188 1384 2378 1433 even-

354 1456 571 1518 turum
618 1453 737 1537 sit,
789 1452 1136 1536 provident
1187 1453 1273 1519 ob
1328 1472 1595 1536 eamque
1650 1473 1913 1517 causam
1956 1454 2228 1535 propter
2271 1474 2381 1517 vo-

352 1540 671 1625 luptatem
717 1543 784 1605 et
824 1561 1097 1623 parvam
1127 1544 1208 1604 'et
1250 1561 1382 1605 non
1431 1541 1888 1623 necessariam,
1942 1544 2010 1604 et
2064 1560 2229 1624 quae
2250 1540 2378 1604 -vel
2405 1563 2457 1605 15

355 1629 546 1694 aliter
588 1632 956 1713 pararetur,
1001 1632 1069 1693 et
1118 1649 1243 1712 qua
1280 1628 1478 1693 etiam
1516 1648 1734 1693 carere
1770 1630 2039 1712 possent
2073 1628 2217 1692 sine
2262 1627 2376 1694 do·

307 1750 318 1757 ·
353 1718 518 1800 lore,
569 1720 712 1781 tum
757 1718 828 1781 in
870 1717 1134 1782 morbos
1190 1718 1438 1801 gravis,
1490 1719 1632 1781 tum
1681 1715 1753 1780 in
1797 1715 2057 1800 damna,
2110 1718 2253 1780 tum
2306 1716 2380 1781 in

355 1804 670 1869 dedecora
712 1805 1077 1889 incurrunt,
1123 1826 1316 1889 saepe
1362 1804 1562 1869 etiam
1600 1804 1821 1889 legum
1864 1804 2381 1888 iudiciorumque

250 1907 326 1956 48
355 1893 579 1976 poenis
635 1892 1025 1976 obligantur.
1115 1890 1242 1967 Qui
1295 1895 1511 1957 autem
1556 1892 1651 1956 ita
1692 1891 1823 1957 frui
1878 1892 2107 1957 volunt
2149 1892 2378 1975 volup·

351 1980 660 2063 tatibuss
687 1983 764 2045 ut
824 1979 989 2044 nulli
1049 1984 1318 2064 propter
1389 2002 1498 2045 eas
1563 1984 2037 2065 consequantur
2099 1978 2457 2064 dolores,2o

355 2071 421 2133 et
481 2068 593 2152 qui
658 2088 844 2131 suum
905 2067 1212 2141 iudicium
1279 2068 1591 2151 retinent,
1660 2089 1741 2132 ne
1812 2067 2149 2151 voluptate
2220 2068 2381 2133 victi

352 2154 599 2221 faciant
631 2154 719 2239 id,
755 2156 924 2256 quod
971 2156 1256 2221 sentiant
1287 2178 1423 2221 11011
1457 2177 1597 2221 esse
1640 2156 2035 2238 faciendum,
2069 2155 2119 2219 ii
2152 2156 2380 2241 volup-

352 2246 558 2309 tatem
620 2243 970 2309 maximam
1025 2244 1469 2328 adipiscuntur
1521 2243 2094 2327 praetermittenda
2148 2243 2380 2327 volup·

351 2334 508 2395 tate.
617 2328 820 2396 Iidem
885 2332 1083 2397 etiam
1146 2331 1436 2397 dolorem
1500 2352 1692 2414 saepe
1742 2330 2221 2416 perpetiuntur,
2278 2353 2380 2416 ne,

355 2419 412 2484 si
467 2417 536 2483 id
590 2441 724 2484 non
765 2419 1038 2504 faciant,
1089 2418 1378 2485 incidant
1429 2418 1501 2484 in
1545 2420 1871 2485 maiorem.
1959 2418 2063 2484 Ex
2106 2440 2236 2503 quo
2281 2420 2379 2484 in·
2404 2444 2459 2485 ss
2578 2470 2580 2530 i

351 2507 687 2593 tellegitur
728 2528 849 2572 nec
892 2508 1464 2591 intemperantiam
1507 2512 1777 2591 propter
1824 2528 1893 2573 se
1937 2528 2079 2572 esse
2122 2507 2379 2592 fugien-

353 2594 503 2659 dam
563 2595 1185 2680 temperantiamque
1241 2595 1694 2679 expetendam,
1750 2616 1886 2661 non
1948 2595 2102 2679 quia
2154 2595 2382 2680 volup-

352 2685 524 2748 tates
566 2683 806 2768 fugiat,
852 2683 964 2748 sed
1009 2684 1164 2769 quia
1205 2685 1482 2749 maiores
1529 2687 1972 2768 consequatur.

486 2770 732 2835 Eadem
794 2770 1194 2835 fortitudinis
1249 2773 1417 2837 ratio
1470 2772 1843 2855 reperietur.
1940 2768 2113 2836 Nam
2165 2791 2383 2856 neque

354 2858 652 2923 laborum
705 2858 1066 2946 perfunctio
1121 2880 1331 2943 neque
1384 2860 1717 2943 perpessio
1781 2859 2079 2925 dolorum
2131 2879 2251 2942 per
2306 2880 2381 2924 se
2406 2884 2461 2926 so

352 2946 496 3029 ipsa
551 2946 758 3011 allicit
815 2966 948 3013 nec.
989 2948 1306 3029 patientia
1356 2968 1477 3013 nec
1528 2946 1873 3012 assiduitas
1927 2968 2048 3011 nec
2107 2947 2383 3031 vigiliae

352 3055 472 3099 nec
524 3034 695 3118 ipsa,
751 3054 916 3117 quae
968 3033 1294 3118 laudatur,
1350 3035 1698 3120 industria,
1748 3057 1829 3100 ne
1881 3034 2199 3101 fortitudo
2245 3034 2385 3119 qui·

354 3120 518 3205 dem,
562 3121 674 3186 sed
710 3121 840 3186 ista
877 3123 1220 3206 sequimur,
1255 3125 1331 3187 ut
1368 3124 1506 3189 sine
1552 3144 1705 3189 cura
1743 3126 2047 3207 metuque
2082 3122 2381 3188 vivamus

356 3210 772 3295 animumque
845 3212 913 3273 et
985 3232 1244 3295 corpus,
1324 3215 1636 3295 quantum
1708 3211 1959 3276 efficere
2030 3210 2383 3295 possimus,

352 3298 650 3362 molestia
722 3297 1087 3363 liberemus.
1202 3296 1295 3364 Ut
1368 3300 1538 3364 enim
1611 3300 1843 3365 mortis
1914 3302 2091 3364 metu
2164 3300 2378 3364 omnis
2405 3324 2457 3366 ³5

352 3386 606 3469 quietae
670 3386 842 3451 vitae
907 3389 1120 3450 status
1182 3387 1628 3472 perturbatur,
1698 3392 1767 3452 et
1826 3390 1902 3451 ut
1964 3388 2379 3451 succumbere

353 3473 688 3539 doloribus
765 3494 1000 3557 eosque
1081 3472 1315 3537 humili
1398 3476 1615 3540 animo
1686 3474 2136 3559 imbecilloque
2208 3474 2380 3539 ferre

248 2742 335 2867 ἐξ
