2609 3884
271 649 332 698 19

270 2321 336 2370 21

271 3375 338 3457 32

371 118 504 183 398
586 131 595 139 '
763 117 1361 174 TUSCULANARUM
1393 116 1999 173 DISPUTATIONUM

369 302 787 366 permanens,
829 280 1280 345 adflictatio
1320 278 1655 363 aegritudo
1693 300 1841 344 cum
1876 279 2223 344 vexatione
2266 301 2414 345 cor·

370 370 575 453 poriS,
628 368 1074 452 desperatio
1131 368 1469 451 aegritudo
1526 368 1663 431 sine
1708 367 1841 433 ulla
1894 389 2113 432 rerum
2171 390 2411 451 expec-

370 458 620 523 tatione
683 457 1039 522 meliorum.
1148 456 1327 531 Quae
1392 459 1611 520 autem
1682 456 1973 521 subiecta
2043 461 2203 519 sunt
2280 457 2411 521 sub

373 549 677 629 metum,
733 566 809 609 ea
863 545 956 609 sic
1009 544 1352 609 definiunt:
1406 544 1811 628 pigritiam
1866 547 2111 609 metum
2174 542 2411 609 'conse-

374 634 628 720 quentis
665 633 904 699 laboris
924 683 943 718 ,
971 682 1207 700 ......
1232 636 1606 697 terrorem
1633 635 1878 697 metum
1900 632 2413 715 concutientem,
2439 661 2463 701 5

373 745 450 787 ex
487 742 614 806 quo
650 722 744 805 fit,
780 725 856 787 ut
885 722 1196 805 pudorem
1221 720 1437 803 rubor,
1474 725 1787 785 terrorem
1813 720 2027 804 pallor
2054 724 2121 785 et
2148 724 2415 786 tremor

373 815 438 876 et
465 810 756 875 dentium
785 811 1068 894 crepitus
1097 812 1547 894 consequatur,
1578 808 1934 873 timorem
1961 812 2213 873 metum
2240 810 2417 873 mali

373 899 982 983 adpropinquantiS,
1035 919 1395 982 pavorem
1450 901 1695 962 metum
1738 900 2022 962 mentem
2065 898 2215 963 loco
2266 920 2417 963 mo-

370 991 658 1070 ventem,
705 1008 782 1051 ex
827 1008 954 1071 quo
999 984 1161 1050 illud
1205 985 1484 1050 Ennius:

460 1110 643 1174 Tum
687 1130 928 1193 pavor
973 1109 1440 1193 sapientiam
1478 1130 1768 1174 omnem
1815 1109 1914 1172 mi
1950 1110 2480 1177 exanimatom

1732 1198 2223 1281 expectorat,

379 1338 1026 1405 exanimationem
1060 1340 1306 1402 metum
1340 1337 1839 1420 subsequentem
1874 1342 1943 1402 et
1976 1338 2167 1421 quasi
2204 1342 2423 1403 comi·
2515 1360 2517 1369 ἰ

371 1432 504 1493 tem
567 1427 858 1511 pavoris,
921 1426 1606 1492 conturbationem
1659 1428 1905 1490 metum
1962 1426 2423 1493 excutientem

374 1516 690 1601 cogitata,
735 1513 1226 1580 formidinem
1271 1518 1519 1578 metum
1564 1516 2065 1597 permanentem.

505 1603 886 1687 Voluptatis
943 1606 1158 1667 autem
1213 1605 1432 1686 partes
1485 1601 1610 1666 hoc
1653 1601 1846 1667 modo
1892 1601 2289 1687 discribunt‚
2342 1609 2423 1669 ut

373 1692 916 1757 malivolentia
991 1691 1078 1755 sit
1139 1690 1440 1774 voluptas
1512 1711 1592 1754 ex
1663 1689 1837 1755 malo
1911 1690 2182 1754 alterius
2262 1693 2479 1759 sines

375 1780 808 1845 emolumento
857 1800 971 1843 suo
982 1828 1001 1862 ,
1044 1778 1462 1843 delectatio
1509 1778 1811 1861 voluptas
1850 1778 2174 1842 suavitate
2222 1782 2417 1845 audi·

371 1872 478 1933 tus
517 1868 804 1933 animum
841 1866 1196 1949 deleniens3
1235 1870 1302 1930 et
1339 1866 1548 1950 qualis
1586 1869 1688 1929 est
1723 1865 1885 1931 haec
1922 1866 2199 1949 aurium,
2234 1870 2417 1933 tales

375 1960 527 2021 sunt
589 1959 654 2021 et
717 1956 1048 2021 oculorum
1124 1958 1190 2019 et
1257 1955 1618 2019 tactionum
1682 1956 1749 2018 et
1809 1953 2270 2020 odorationum
2350 1962 2418 2022 et

375 2065 705 2128 saporum,
761 2064 923 2128 quae
978 2046 1128 2107 sunt
1173 2064 1399 2107 omnes
1457 2042 1646 2107 unius
1693 2043 1949 2127 generis
1995 2042 2077 2107 ad
2129 2044 2415 2127 perfun-

374 2132 653 2195 dendum
727 2132 1013 2204 animum
1083 2134 1421 2215 tamquam
1496 2130 1945 2215 inliquefactae
2005 2131 2413 2216 voluptates.
2436 2164 2475 2200 «ιο

374 2219 717 2283 Iactatio
781 2223 882 2283 est
943 2220 1244 2300 voluptas
1309 2218 1593 2303 gestiens
1650 2222 1715 2283 et
1770 2240 1837 2283 se
1893 2220 2161 2285 efferens
2224 2222 2413 2288 inso-

375 2308 633 2372 lentius.
741 2306 920 2383 Quae
979 2311 1196 2372 autem
1253 2308 1511 2373 libidini
1574 2307 1863 2373 subiecta
1924 2311 2103 2391 sunt,
2164 2329 2248 2374 ea
2314 2311 2413 2375 sic

376 2396 795 2475 definiuntur,
848 2398 924 2459 ut
978 2396 1094 2459 ira
1151 2396 1237 2459 sit
1288 2395 1493 2461 libido
1538 2396 1882 2483 poeniendi
1926 2397 2089 2479 eius,
2143 2397 2260 2481 qui
2310 2399 2409 2463 vi-

374 2484 601 2549 deatur
661 2478 929 2549 laesisse
989 2482 1252 2566 iniuria,
1317 2483 1960 2549 excandescentia
2022 2488 2245 2550 autem
2316 2487 2409 2550 sit

375 2574 476 2638 ira
528 2594 798 2638 nascens
855 2574 921 2635 et
975 2570 1166 2636 modo
1223 2571 1534 2656 existens,
1588 2594 1749 2655 quae
1796 2567 2103 2656 θύμωσις
2150 2572 2405 2639 Graece
2430 2602 2472 2639 25

377 2661 636 2745 dicitur,
692 2660 948 2725 odium
998 2659 1097 2723 ira
1153 2659 1537 2742 inveterata,
1590 2660 2018 2724 inimicitia
2076 2661 2175 2724 ira
2235 2661 2404 2726 ulci-

376 2749 594 2813 scendi
639 2752 894 2833 tempus
940 2748 1319 2830 observans,
1374 2747 1761 2812 discordia
1812 2748 1911 2812 ira
1955 2748 2247 2813 acerbior
2302 2751 2406 2813 in-

375 2837 540 2900 timo
575 2836 790 2901 animo
832 2839 900 2900 et
943 2836 1134 2901 corde
1180 2838 1517 2919 concepta,
1562 2835 2005 2921 indigentia
2047 2835 2253 2901 libido
2304 2838 2406 2902 in-

377 2924 739 3007 explebilis,
785 2923 1256 2990 desiderium
1292 2924 1495 2989 libido
1534 2925 1697 3007 eius,
1733 2924 1846 3007 qui
1878 2923 2165 2989 nondum
2205 2924 2407 3009 adsit,

375 3010 652 3077 videndi.
723 3010 1157 3095 Distinguunt
1197 3013 1359 3078 illud
1396 3013 1620 3096 etiam,
1664 3014 1741 3076 ut
1784 3011 1987 3076 libido
2035 3012 2124 3077 sit
2166 3033 2405 3079 earum
2429 3041 2473 3080 ευ
2519 3020 2520 3089 ἶ

375 3120 620 3183 rerum,
665 3120 828 3206 quae
864 3099 1163 3163 dicuntur
1198 3101 1275 3165 de
1313 3101 1594 3185 quodam
1630 3104 1743 3165 aut
1778 3099 2181 3184 quibusdam,
2229 3122 2405 3183 quae

374 3210 883 3272 κατηγορηματα
929 3186 1250 3252 dialectici
1295 3190 1654 3272 appellant,
1707 3191 1783 3253 ut
1825 3188 2064 3253 habere
2110 3188 2404 3272 divitias,

377 3296 604 3358 capere
649 3275 930 3339 honores
938 3324 957 3359 ,
1001 3275 1361 3359 indigentia
1404 3299 1619 3341 rerum
1663 3276 1954 3360 ipsarum
2000 3277 2113 3359 sit,
2156 3280 2235 3341 ut
2276 3276 2399 3341 ho·
2519 3298 2520 3359 3

374 3382 638 3446 norum,
683 3366 758 3426 ut
799 3362 1128 3446 pecuniae.
1218 3360 1525 3429 Omnium
1570 3368 1786 3429 autem
1830 3364 2399 3449 perturbationum
2519 3362 2520 3365 ’

374 3448 622 3513 fontem
661 3471 800 3514 esse
837 3449 1057 3515 dicunt
1091 3450 1797 3536 intemperantiam,
1835 3476 2000 3537 quae
2034 3456 2137 3518 est
2172 3475 2215 3516 a
2248 3456 2397 3517 tota
2424 3480 2468 3520 3⁵
2519 3460 2520 3463 ’
