2609 3884
380 167 515 232 434
773 165 1371 222 TUSCULANARUM
1409 165 2014 221 DISPUTATIONUM

379 329 677 413 sentiret3
715 334 909 412 quam
946 329 1129 412 bene,
1163 349 1298 394 non
1336 327 1686 413 quaeritur,
1727 330 2102 392 constanter
2141 327 2406 412 quidem

379 420 570 482 certe.
676 415 907 501 Itaque
973 415 1135 480 mihi
1197 416 1451 499 placere
1513 437 1646 480 non
1709 417 1882 480 solet
1943 417 2406 500 consequentia

377 504 873 590 reprehendere,
917 525 1063 569 cum
1107 505 1321 587 prima
1366 504 1772 569 concesseris
1843 502 1970 568 Hic
2013 506 2230 568 autem
2279 505 2405 568 ele-

378 593 800 680 gantissimus
857 593 1144 657 omnium
1204 591 1744 675 philosophorum
1799 595 1865 656 et
1924 591 2404 657 eruditissimus

376 703 514 747 non
558 701 953 766 magnopere
1007 679 1525 764 reprehenditur,
1578 701 1723 744 cum
1775 680 1905 744 tria
1964 700 2203 764 genera
2249 679 2409 744 dicit
2432 707 2459 747 5

377 769 727 853 bonorum,
778 771 1050 834 vexatur
1107 770 1325 832 autem
1380 768 1462 831 ab
1521 767 1816 833 omnibus
1870 768 2153 851 primum
2211 767 2284 832 in
2329 790 2406 833 eo

377 858 547 923 libro
555 909 574 943 ,
620 878 812 943 quem
856 856 1119 940 scripsit
1164 855 1242 920 de
1287 855 1425 921 vita
1468 854 1690 939 beata,
1734 855 1804 918 in
1851 877 1976 939 quo
2022 855 2232 920 multa
2277 855 2407 920 dis-

378 949 597 1029 putat,
643 966 837 1029 quam
888 945 970 1009 ob
1021 965 1158 1008 rem
1208 944 1294 1028 is,
1330 943 1442 1027 qui
1475 946 1880 1028 torqueatur,
1918 943 2030 1029 qui
2067 945 2410 1028 crucietur,

378 1034 607 1098 beatus
662 1054 802 1098 esse
855 1052 991 1097 non
1044 1032 1271 1116 possit.
1362 1030 1466 1095 In—
1495 1053 1573 1096 eo
1619 1031 1819 1095 etiam
1879 1035 2148 1115 putatur
2195 1031 2409 1096 dicere

379 1121 451 1186 in
495 1123 709 1186 rotam
756 1119 853 1200 [id
891 1122 993 1184 est
1030 1139 1233 1205 genus
1281 1118 1606 1203 quoddam
1655 1119 1967 1184 tormenti
2007 1120 2176 1203 apud
2213 1117 2412 1185 Grae·
2437 1148 2487 1186 ιο

380 1203 517 1288 cos]
574 1208 835 1272 beatam
888 1207 1095 1275 vitam
1147 1228 1280 1273 non
1336 1208 1694 1272 escendere.
1798 1206 1948 1272 Non
2000 1230 2278 1292 usquam
2339 1208 2410 1272 id

382 1296 639 1379 quidem
694 1295 856 1359 dicit
908 1294 1199 1378 omnin0,
1256 1294 1400 1379 sed,
1463 1317 1625 1380 quae
1691 1295 1872 1377 dicit,
1935 1295 2107 1360 idem
2167 1297 2410 1362 valent.

274 1403 343 1454 25
378 1383 656 1448 Possum
699 1383 928 1468 igitur,
974 1384 1079 1450 cui
1122 1384 1552 1448 concesserim
1605 1383 1676 1447 in
1719 1383 1908 1448 malis
1955 1405 2095 1448 esse
2149 1383 2409 1449 dolores

382 1472 695 1556 corporis,
738 1473 809 1536 in
844 1472 1036 1536 malis
1071 1471 1417 1556 naufragia
1459 1471 1789 1556 fortunae,
1833 1471 1985 1536 huic
2031 1493 2411 1536 suscensere

382 1559 619 1624 dicenti
670 1581 804 1624 non
861 1560 1071 1625 omnis
1126 1559 1333 1624 bonos
1382 1581 1521 1623 esse
1565 1559 1822 1644 beatos,
1876 1580 2023 1623 cum
2075 1560 2145 1623 in
2194 1561 2409 1624 omnis
2437 1586 2487 1627 1⁵

380 1647 589 1714 bonos
628 1669 733 1730 ea,
781 1670 945 1732 quae
990 1647 1100 1712 ille
1136 1647 1208 1711 in
1244 1647 1438 1712 malis
1473 1649 1799 1730 numerat,
1846 1646 2071 1711 cadere
2107 1647 2410 1732 possint?

380 1733 670 1801 Vexatur
705 1735 877 1800 idem
904 1735 1390 1819 Theophrastus
1421 1737 1487 1798 et
1519 1735 1707 1798 libris
1737 1737 1803 1798 et
1839 1735 2079 1800 scholis
2116 1737 2411 1800 omnium

380 1822 945 1907 philosophorum,
992 1823 1163 1907 quod
1200 1823 1271 1887 in
1306 1820 1711 1888 Callisthene
1749 1844 1865 1887 suo
1900 1823 2183 1887 laudarit
2223 1824 2413 1888 illam

383 1912 800 1976 sententiam:

512 2031 776 2098 Vitam
822 2033 1026 2118 regit
1068 2033 1412 2118 fortuna,
1455 2033 1607 2099 non
1653 2033 2059 2118 sapientia.
2439 2061 2488 2102 20

379 2173 645 2258 Negant
716 2173 797 2237 ab
860 2173 998 2238 ullo
1070 2174 1465 2258 philosopho
1540 2174 1882 2258 quicquam
1954 2173 2199 2238 dictum
2265 2195 2410 2241 esse

381 2260 773 2348 languidius.
861 2259 1063 2325 Recte
1108 2260 1175 2325 id
1222 2262 1508 2345 quidem,
1553 2262 1663 2326 sed
1707 2262 1876 2326 nihil
1919 2262 2229 2348 intellego
2279 2263 2410 2327 dici

379 2349 671 2433 potuisse
736 2347 1154 2414 constantius
1264 2347 1335 2414 Si
1397 2350 1570 2415 enim
1632 2353 1736 2414 tot
1799 2353 1950 2414 sunt
2011 2350 2080 2414 in
2140 2371 2410 2434 corpore

381 2437 579 2522 bona,
636 2440 741 2502 tot
786 2441 969 2502 extra
1015 2457 1244 2520 corpus
1290 2437 1361 2500 in
1406 2459 1558 2503 casu
1605 2441 1797 2521 atque
1846 2437 2136 2521 fortuna,
2189 2459 2410 2503 nonne

383 2529 885 2591 consentaneum
930 2527 1031 2589 est
1073 2525 1222 2608 plus
1266 2525 1622 2610 fortunam,
1676 2547 1836 2610 quae
1883 2525 2148 2590 domina
2189 2547 2410 2591 rerum
2438 2551 2490 2594 25

384 2615 472 2678 sit
526 2617 591 2679 et
643 2618 1053 2679 externarum
1107 2617 1174 2678 et
1234 2614 1316 2678 ad
1375 2635 1604 2697 corpus
1659 2614 2150 2696 pertinentium,
2213 2635 2411 2696 quam

277 2712 345 2762 26
384 2702 722 2769 consilium
774 2699 1032 2768 valere?
1140 2699 1248 2765 An
1311 2702 1632 2766 malumus
1695 2700 2050 2785 Epicurum
2113 2701 2411 2767 imitari?

386 2789 497 2872 qui
543 2791 752 2854 multa
792 2790 1121 2874 praeclare
1168 2811 1360 2873 saepe
1406 2790 1587 2874 dicit3
1635 2809 1828 2872 quam
1865 2790 2039 2854 enim
2086 2789 2212 2853 sibi
2260 2811 2410 2855 con-

374 2878 632 2940 stanter
689 2879 1266 2962 convenienterque
1323 2877 1519 2962 dicat,
1581 2898 1714 2942 non
1775 2877 2048 2943 laborat.
2151 2875 2411 2942 Laudat

380 2965 641 3028 tenuem
677 2965 941 3029 victum.
1012 2963 1395 3049 Philosophi
1430 2965 1499 3029 id
1536 2965 1821 3049 quidem,
1862 2966 1974 3030 sed
2011 2965 2068 3030 si
2105 2962 2408 3031 Socrates
2435 2991 2486 3032 30

384 3052 499 3116 aut
552 3050 975 3116 Antisthenes
1031 3053 1295 3136 diceret,
1351 3075 1482 3118 non
1534 3053 1620 3132 is,
1676 3052 1787 3136 qui
1838 3053 2033 3118 finem
2087 3053 2411 3119 bonorum

383 3138 788 3222 voluptatem
845 3159 983 3203 esse
1045 3138 1292 3206 dixerit.
1399 3139 1618 3226 Negat
1682 3161 2069 3224 quemquam
2129 3141 2409 3207 iucunde

382 3247 571 3309 posse
634 3225 879 3310 vivere,
941 3225 1069 3292 nisi
1132 3228 1303 3293 idem
1367 3229 1666 3312 honeste,
1721 3229 2050 3312 sapienter
2109 3230 2409 3314 iusteque

382 3313 577 3377 vivat.
672 3311 861 3377 Nihil
915 3315 1206 3399 gravius,
1259 3316 1426 3380 nihil
1479 3317 1896 3401 philosophia
1950 3316 2233 3402 dignius,
2277 3317 2409 3381 nisi

383 3398 554 3464 idem
597 3399 722 3466 hoo
768 3401 983 3484 ipsum
1030 3401 1332 3467 ‘honeste
1344 3453 1363 3486 ,
1407 3405 1760 3488 sapienter,
1803 3403 2007 3469 iuste'
2053 3405 2136 3469 ad
2180 3405 2409 3489 volup·
2437 3430 2489 3471 35
2587 3459 2590 3480 ,

382 3488 583 3551 tatem
629 3487 914 3553 referret.
1005 3487 1171 3562 Quid
1214 3489 1442 3554 melius
1489 3513 1681 3576 quam
1732 3491 2061 3557 fortunam
2106 3491 2411 3577 exiguam
