2609 3884
359 136 487 203 106
632 87 639 96 ·
688 137 786 192 DE
823 134 1113 192 FINIBUS
1148 133 1509 191 BONORUM
1542 133 1638 190 ΕΤ
1674 133 2040 190 MALORUM

354 298 724 384 importuno
768 301 1032 383 tamwe
1076 296 1346 382 crudeli3
1393 295 1523 379 sin,
1566 299 1644 362 ut
1685 295 1906 361 dolore
1942 318 2058 362 suo
2095 297 2380 362 sanciret

297 394 304 400 '
354 387 655 452 militaris
708 385 968 470 imperii
1021 385 1433 468 disciplinam
1478 384 1954 469 exercitumque
2008 385 2080 449 in
2129 385 2379 470 gravis·

252 663 322 713 86

356 476 522 541 simo
587 474 758 540 bello
822 472 1400 538 animadversionis
1467 475 1645 537 metu
1722 473 2107 556 contineret,
2177 473 2381 538 saluti

355 562 687 648 prospexit
756 562 1020 646 civium,
1092 583 1223 644 qua
1290 559 1718 644 intellegebat
1788 560 2103 625 contineri
2173 582 2380 626 suam.

356 651 571 736 Atque
632 650 796 716 haec
855 650 1026 715 ratio
1088 648 1222 716 late
1282 651 1483 732 patet.
1571 646 1649 712 In
1704 669 1830 732 quo
1880 648 2053 713 enim
2096 649 2379 714 maxime
2432 676 2506 726 ο,

356 739 692 805 consuevit
734 738 977 804 iactare
1013 739 1231 802 vestra
1266 757 1337 800 se
1383 736 1621 821 oratio,
1664 739 1780 800 tua
1822 737 2222 820 praesertim,
2267 736 2381 820 qui

357 828 644 893 studiose
699 827 969 909 antiqua
1020 824 1449 909 persequeriS,
1502 823 1697 890 claris
1754 827 1823 888 et
1873 825 2152 890 fortibus
2217 825 2378 890 viris

358 913 937 981 commemorandis
982 934 1332 997 eorumque
1374 911 1568 978 factis
1603 933 1736 977 non
1781 913 2213 979 emolumento
2261 913 2380 978 ali-

360 1025 516 1088 quo,
560 1001 674 1067 sed
716 1002 920 1086 ipsius
965 999 1324 1065 honestatis
1370 1000 1598 1066 decore
1640 999 2008 1084 laudandiS,
2052 1000 2120 1066 id
2162 1003 2378 1066 totum

306 1131 313 1138 ·
359 1091 671 1157 evertitur
724 1110 800 1154 eo
855 1088 1092 1153 dilectu
1144 1109 1388 1171 rerum,
1441 1109 1633 1171 quem
1677 1089 1871 1154 modo
1926 1089 2085 1172 dixi,
2140 1089 2379 1154 consti·
2409 1117 2461 1157 10

128 1407 339 1538 '2¹⁷¹

356 1183 521 1262 tuto,
556 1180 631 1242 ut
659 1180 773 1242 aut
798 1177 1165 1260 voluptates
1202 1177 1592 1241 omittantur
1617 1176 1936 1242 maiorum
1972 1177 2379 1260 voluptatum

360 1265 916 1350 adipiscendarum
954 1285 1147 1330 causa
1175 1267 1289 1329 aut
1317 1264 1572 1330 dolores
1601 1264 2030 1348 suscipiantur
2061 1265 2376 1330 maiorum

362 1354 659 1420 dolorum
704 1351 1210 1437 effugiendorum
1256 1352 1489 1437 gratia.

493 1439 619 1508 Sed
681 1441 759 1506 de
818 1442 1141 1506 clarorum
1200 1438 1538 1506 hominum
1609 1440 1803 1505 factis
1877 1440 2240 1506 illustribus
2314 1445 2384 1506 et

362 1530 663 1616 gloriosis
724 1529 885 1595 satis
947 1528 1073 1594 hoc
1125 1528 1268 1594 loco
1325 1527 1567 1594 dictum
1622 1528 1727 1593 sit.
1822 1528 1973 1594 Erit
2025 1528 2199 1593 enim
2244 1529 2381 1594 iam
2408 1556 2460 1597 ιε

360 1619 441 1684 de
478 1619 793 1684 -omnium
846 1617 1163 1683 virtutum
1218 1637 1408 1681 cursu
1471 1616 1555 1681 ad
1614 1614 2022 1700 voluptatem
2076 1617 2380 1700 proprius

360 1705 715 1772 disserendi
782 1706 979 1771 locus.
1094 1703 1287 1770 Nunc
1357 1708 1575 1769 autem
1647 1704 2009 1789 explicabo,
2079 1705 2382 1789 voluptas

360 1795 506 1879 ipsa
560 1815 725 1878 quae
781 1793 1119 1878 qualisque
1174 1792 1288 1870 sit,
1341 1795 1417 1857 ut
1467 1791 1740 1857 tollatur
1786 1814 1963 1858 error
2004 1793 2215 1858 omnis
2259 1793 2384 1858 im-

360 1883 717 1967 peritorum
771 1881 1342 1964 intellegaturque,
1397 1901 1499 1963 ea,
1555 1901 1716 1964 quae
1771 1880 2164 1965 voluptaria,
2220 1879 2382 1946 deli-

364 1973 537 2053 cata,
580 1969 797 2034 mollis
841 1968 1160 2034 habeatur
1211 1967 1583 2052 disciplina,
1638 1989 1832 2053 quam
1885 1969 2132 2053 gravis,
2183 1990 2382 2052 quam
2407 1995 2460 2036 ιο

362 2057 726 2140 continenS,
782 2077 974 2141 quam
1029 2077 1255 2120 severa
1309 2056 1413 2120 sit.
1510 2053 1577 2120 N
1579 2077 1666 2121 on
1720 2056 1893 2121 enim
1944 2055 2116 2122 hanc
2173 2057 2383 2122 solam

364 2143 2388 2316 {iqffssmitffistffiwssffissqssaessffiff?stissffiffleei

362 2321 716 2386 maximam
758 2320 1163 2403 voluptatem
1207 2319 1392 2385 illam
1439 2319 1779 2404 habemus,
1825 2342 1988 2405 quae
2030 2321 2386 2404 percipitur

363 2409 540 2474 omni
585 2408 805 2473 dolore
852 2407 1159 2473 detracto.
1246 2406 1420 2473 Nam
1467 2409 1798 2493 quoniam,
1852 2429 1998 2473 cum
2050 2408 2386 2492 privamur
2411 2434 2463 2476 25

362 2496 609 2581 dolore,
661 2496 809 2580 ipsa
858 2495 1241 2560 liberatione
1296 2498 1364 2560 et
1406 2495 1734 2562 vacuitate
1787 2496 2001 2561 omnis
2046 2497 2385 2562 molestiae

363 2586 745 2670 gaudemus,
800 2605 989 2650 omne
1044 2587 1257 2649 autem
1316 2583 1411 2668 id,
1464 2605 1590 2668 quo
1647 2583 2027 2669 gaudemus,
2079 2585 2383 2668 voluptas

266 2689 287 2722 ’-
364 2677 489 2754 est,
544 2676 619 2736 ut
673 2693 886 2756 omne,
943 2693 1069 2757 quo
1126 2671 1540 2755 offendimur,
1602 2672 1816 2756 dolor,
1874 2671 2116 2738 doloris
2171 2672 2384 2738 omnis

258 3129 325 3178 38

361 2761 642 2844 privatio
687 2764 860 2826 recte
902 2760 1238 2825 nominata
1282 2763 1384 2825 est
1426 2759 1749 2844 voluptas.
1844 2757 1940 2824 Ut
1983 2761 2156 2825 enim
2164 2810 2183 2845 ,
2237 2781 2385 2826 cum

363 2848 507 2913 cibo
564 2852 630 2912 et
680 2848 943 2931 potione
997 2847 1203 2912 fames
1258 2847 1528 2931 sitisque
1583 2847 1852 2931 depulsa
1903 2851 2031 2932 est,
2087 2849 2234 2932 ipsa
2276 2848 2386 2913 de·
2411 2874 2464 2914 so

361 2934 596 2999 tractio
642 2935 977 3000 molestiae
1035 2936 1554 3001 consecutionem
1613 2935 1804 3000 affert
1855 2935 2236 3020 voluptatis,
2293 2937 2388 3002 sic

361 3021 433 3086 in
487 3022 664 3086 omni
707 3043 799 3085 re·
821 3021 1061 3086 doloris
1109 3023 1351 3087 amotio
1399 3022 1870 3089 successionem
1915 3023 2119 3088 efficit
2158 3019 2386 3108 volup·

363 3109 540 3174 tatis.
620 3108 852 3194 Itaque
896 3129 1031 3174 non
1072 3108 1319 3192 placuit
1363 3107 1647 3193 Epicuro
1695 3110 1978 3176 medium
2015 3133 2158 3177 esse
2203 3112 2386 3197 quid·

362 3197 513 3262 dam
566 3196 736 3261 inter
790 3196 1080 3262 dolorem
1135 3200 1202 3262 et
1253 3197 1685 3283 voluptatem3
1730 3198 1890 3264 illud
1935 3198 2108 3264 enim
2153 3199 2387 3285 ipsum,

361 3284 535 3369 quod
590 3283 974 3368 quibusdam
1040 3284 1324 3351 medium
1377 3284 1659 3371 videtur,
1721 3307 1865 3351 cum
1921 3287 2100 3352 omni
2163 3287 2386 3353 dolore
2411 3311 2464 3356 aa

360 3375 637 3455 careret,
696 3392 832 3438 non
902 3372 1094 3439 modo
1167 3373 1570 3457 voluptatem
1645 3395 1817 3458 esse,
1888 3395 2115 3440 verum
2185 3376 2389 3442 etiam⁴

362 3481 681 3525 summam
724 3459 1143 3544 voluptatem.
1222 3459 1534 3545 Quisquis
1576 3461 1750 3526 enim
1797 3462 2024 3545 sentit,
2069 3485 2260 3548 quem
2305 3463 2384 3530 ad
