2609 3884
625 135 764 193 ΜΒ.
799 136 894 193 IV.
953 136 1108 193 ΟΑΡ.
1148 143 1393 193 19—21.
1447 143 1477 205 ς,
1515 143 1760 195 52-58.
2072 138 2203 205 223

309 296 553 362 Postea
631 301 783 363 tuus
863 298 974 363 ille
1053 298 1383 365 Poenulus
1456 296 1609 385 (scis
1690 301 1862 366 enim
1937 299 2201 385 Citieos,
2222 273 2309 399 259>

170 384 451 451 clientes
523 389 703 469 tuos,
773 408 812 451 e
880 386 1208 453 Phoenica
1277 384 1665 475 profectos),
1735 388 1932 454 homo
2004 391 2205 475 igitur

174 476 437 557 acutus,
484 496 746 539 causam
781 497 915 540 non
952 476 1254 541 obtinens
1291 481 1691 561 repugnante
1727 480 1962 541 natura
2004 479 2205 545 verba

175 582 441 627 versare
497 563 711 646 coepit
765 566 832 629 et
882 564 1168 647 primum
1222 563 1415 629 rebus
1460 565 1570 649 iis,
1625 587 1785 649 quas
1828 587 1949 630 nos
1994 566 2203 632 bonas

119 675 146 715 5
178 649 485 734 dicimus,
540 651 883 730 concessit,
937 655 1012 716 ut
1064 651 1460 716 haberentur
1515 653 1955 719 aestimabiles
2011 658 2077 719 et
2121 656 2204 720 ad

174 741 483 803 naturam
563 739 1084 804 accommodatae
1103 790 1122 823 ,
1201 739 1521 825 faterique
1606 742 1821 825 coepit
1904 744 2204 827 sapienti,

173 826 304 891 hoc
349 829 451 891 est
504 849 751 893 summe
807 828 1030 911 beato,
1085 828 1483 893 commodius
1527 832 1751 894 tamen
1796 850 1935 895 esse
1944 879 1963 915 ,
2020 832 2077 895 si
2124 852 2203 897 ea

175 936 431 999 quoque
484 914 753 999 habeat,
807 937 971 999 quae
1027 916 1199 981 bona
1251 938 1387 981 non
1442 917 1635 982 audet
1681 918 2037 1003 appellare,
2090 941 2201 984 na-

173 1006 363 1067 turae
401 1003 890 1069 accommodata
935 1025 1075 1069 esse
1113 1004 1439 1088 concedit,
1482 1009 1803 1090 negatque
1839 1006 2205 1092 Platonem,

96 1117 151 1157 ιο
176 1091 234 1155 si
271 1091 532 1175 sapiens
565 1114 700 1158 non
737 1093 843 1171 sit,
889 1092 1115 1157 eadem
1152 1114 1291 1157 esse
1327 1093 1398 1157 in
1434 1114 1646 1178 causa,
1682 1115 1812 1178 qua
1846 1097 2201 1179 tyrannum

173 1177 595 1264 Dionysium3
638 1180 791 1245 huic
836 1182 1003 1246 mori
1048 1181 1366 1265 optimum
1412 1202 1552 1247 esse
1596 1185 1867 1266 propter
1901 1183 2199 1267 despera-

175 1267 425 1335 tionem
477 1268 866 1354 sapientiae,
919 1269 1022 1333 illi
1073 1272 1341 1352 propter
1396 1291 1583 1353 spem
1638 1270 1881 1354 vivere3
1935 1275 2201 1355 peccata

177 1360 396 1421 autem
456 1357 699 1440 partim
761 1378 906 1422 esse
965 1356 1368 1441 tolerabilia,
1430 1358 1673 1441 partim
1737 1359 1919 1424 nullo
1986 1359 2198 1443 mode,

175 1448 528 1527 propterea
589 1444 759 1528 quod
824 1445 954 1510 alia
1015 1449 1283 1529 peccata
1346 1446 1595 1529 plures»,
1657 1445 1789 1511 alia
1858 1448 2197 1530 pauciores

96 1558 148 1598 15
175 1533 363 1616 quasi
433 1554 736 1599 numeros
810 1532 1011 1599 officii
1081 1534 1539 1617 praeterirent3
1614 1533 1745 1597 iam
1816 1534 2198 1618 insipientes

177 1620 343 1686 alios
392 1621 494 1685 ita
547 1643 713 1703 esse,
763 1624 840 1686 ut
881 1621 1062 1686 nullo
1107 1622 1299 1687 modo
1358 1622 1439 1687 ad
1486 1622 1875 1705 sapientiam
1928 1627 2201 1706 possent

175 1710 534 1793 pervenire,
571 1710 756 1794 alios,
793 1710 905 1793 qui
939 1712 1226 1793 possent,
1267 1710 1325 1775 si
1361 1709 1427 1773 id
1464 1710 1771 1795 egissent,
1808 1710 2199 1793 sapientiam

177 1798 504 1883 consequi.
591 1796 718 1862 Hic
761 1798 1147 1882 loquebatur
1192 1797 1381 1862 aliter
1430 1801 1625 1882 atque
1672 1820 1923 1881 omnes,
1968 1799 2199 1863 sentie-

176 1887 293 1950 bat
337 1886 534 1970 idem,
579 1886 753 1971 quod
798 1886 1015 1951 ceteri.
1095 1884 1235 1951 Nec
1277 1906 1430 1951 vero
1477 1885 1747 1951 minoris
1794 1886 2201 1952 aestimanda

96 2000 152 2040 20
179 1974 456 2039 ducebat
500 1994 601 2058 ea,
654 1994 819 2059 quae
872 1975 1014 2058 ipse
1068 1974 1241 2039 bona
1292 1976 1564 2059 negaret
1616 1994 1784 2059 esse,
1830 1996 2023 2058 quam
2081 1974 2200 2059 illi,

178 2063 292 2147 qui
343 2084 420 2127 ea
470 2063 645 2127 bona
700 2083 842 2127 esse
895 2063 1214 2127 dicebant.
1316 2061 1488 2138 Quid
1542 2062 1747 2147 igitur
1801 2062 2011 2128 voluit
2056 2063 2200 2147 sibi,

178 2151 291 2235 qui
342 2150 457 2214 illa
507 2150 899 2216 mutaverit?
998 2148 1244 2216 Saltem
1293 2150 1537 2234 aliquid
1602 2149 1680 2215 de
1742 2150 2026 2234 pondere
2092 2150 2199 2215 de-

174 2239 488 2304 traxisset
550 2242 618 2303 et
691 2238 887 2322 paulo
955 2238 1225 2304 minoris
1301 2238 1782 2304 aestimavisset
1852 2260 1930 2303 ea
2002 2261 2197 2323 quam

134 2368 138 2371 -
175 2326 616 2411 Peripatetici,
651 2330 730 2391 ut
765 2326 1006 2391 sentire
1041 2347 1294 2411 quoque
1334 2326 1534 2410 aliud,
1569 2348 1704 2391 non
1742 2327 1954 2392 solum
1990 2327 2205 2392 dicere

98 2441 148 2483 25
175 2416 520 2481 videretur.
611 2414 826 2491 Quid?
874 2414 952 2479 de
997 2416 1141 2498 ipsa
1175 2415 1373 2479 beata
1407 2415 1569 2498 vita,
1616 2414 1698 2479 ad
1741 2436 1937 2499 quam
1984 2414 2227 2479 omnia-

175 2504 572 2587 referuntur,
616 2524 780 2587 quae
827 2502 1086 2567 dicitis?
1159 2502 1437 2588 Negatis
1485 2524 1626 2567 eam
1676 2524 1843 2587 esse,
1888 2524 2052 2586 quae
2094 2523 2202 2571 ex-

174 2593 357 2676 pleta
415 2592 503 2656 sit
561 2590 646 2655 iis
701 2591 895 2656 rebus
951 2590 1278 2674 omnibuS,
1343 2612 1504 2674 quas
1566 2593 1802 2655 natura
1864 2589 2209 2673 desideret,

173 2684 513 2764 totamque
561 2701 703 2744 eam
747 2680 820 2743 in
863 2700 992 2743 una
1034 2678 1275 2743 virtute
1335 2678 1607 2761 ponitis3
1663 2699 1935 2761 cumque
1989 2677 2199 2742 omnis

177 2768 623 2834 controversia
687 2770 801 2832 aut
865 2767 942 2831 de
1005 2787 1075 2831 re
1139 2767 1349 2832 soleat
1410 2770 1525 2831 aut
1587 2766 1664 2830 de
1726 2765 1986 2831 nomine
2041 2786 2201 2849 esse,

99 2881 149 2922 ao
176 2861 452 2940 utraque
525 2877 745 2920 earum
814 2856 1134 2939 nascitur,
1211 2854 1269 2919 si
1346 2857 1461 2918 aut
1520 2876 1625 2919 res
1687 2854 2026 2939 ignoratur
2090 2856 2204 2921 aut

175 2948 432 3010 erratur
483 2944 554 3008 in
605 2943 888 3009 nomine.
995 2942 1282 3019 Quorum
1339 2943 1397 3007 si
1450 2945 1755 3007 neutrum
1818 2945 1942 3026 est,
2006 2963 2203 3025 opera

175 3033 392 3098 danda
453 3035 580 3116 est,
642 3035 720 3096 ut
780 3031 997 3096 verbis
1061 3033 1322 3095 utamur
1384 3051 1580 3114 quam
1636 3030 2077 3095 usitatissimis
2138 3031 2204 3093 et

175 3143 374 3207 quam
419 3121 700 3185 maxime
745 3120 916 3204 aptis
925 3168 944 3203 ,
999 3118 1066 3183 id
1112 3122 1213 3183 est
1255 3139 1393 3183 rem
1439 3118 1937 3183 declarantibus.
2025 3116 2204 3183 Num

174 3210 387 3295 igitur
432 3208 700 3273 dubium
747 3210 875 3291 est,
931 3207 1118 3291 quin,
1173 3206 1232 3271 si
1273 3206 1345 3271 in
1388 3228 1458 3270 re
1503 3206 1649 3289 ipsa
1690 3205 1857 3271 nihil
1900 3210 2205 3289 peccatur

102 3322 149 3363 35
175 3321 216 3363 a
264 3296 736 3381 superioribus,
781 3295 996 3359 verbis
1041 3295 1142 3359 illi
1180 3294 1579 3359 commodius
1625 3293 1935 3358 utantur?
2006 3292 2204 3357 Vide-

175 3407 362 3452 amus
396 3384 600 3469 igitur
635 3383 990 3449 sententias
1029 3405 1278 3467 eorum,
1323 3386 1463 3447 tum
1500 3382 1583 3447 ad
1618 3382 1818 3448 verba
1844 3381 2198 3446 redeamus

2238 1811 2307 1859 5¹2

2240 3128 2315 3181 58

305 3472 553 3539 Dicunt
615 3471 1082 3555 appetitionem
1147 3471 1347 3535 animi
1409 3470 1677 3554 moveri,
1740 3489 1888 3534 cum
1952 3466 2198 3551 aliquid
2221 3472 2304 3535 21
