2609 3884
353 171 487 235 294
742 169 1339 226 TUSCULANARUM
1372 167 1974 224 DISPUTATIONUM

355 334 524 398 sicut
567 330 917 416 pleraque?
963 353 1353 416 quamquam
1399 331 1523 396 hoc
1570 330 1826 415 quidem
1874 329 2166 415 minim03
2227 351 2371 413 per·

353 421 629 486 suadent
680 421 852 485 enim
904 419 1349 484 mathematici
1415 423 1656 483 terram
1717 419 1787 483 in
1850 417 2063 483 medio
2125 417 2371 484 mundo

355 509 546 573 sitam
591 509 673 574 ad
708 508 996 574 universi
1034 507 1196 573 caeli
1233 508 1635 590 complexum
1672 507 1859 591 quasi
1897 505 2125 590 puncti
2160 506 2374 570 instar

354 598 666 682 obtinere,
703 597 873 681 quod
905 594 1186 680 κέντρον
1220 596 1321 660 illi
1357 599 1615 678 vocant3
1658 616 1802 659 eam
1837 617 2033 678 porro
2068 597 2374 658 naturam

354 707 496 750 esse
543 688 852 770 quattuor
899 685 1119 749 omnia
1163 684 1567 769 gignentium
1613 704 1980 768 corporum,
2024 686 2125 767 ut,
2186 682 2429 766 quasis

353 773 596 858 partita
646 772 932 836 habeant
983 773 1154 836 inter
1207 793 1276 836 se
1331 793 1406 836 ac
1451 771 1657 836 divisa
1700 775 2055 855 momenta,
2112 774 2375 835 terrena

217 875 240 893 ·
355 865 424 926 et
457 861 677 926 umida
713 864 941 943 suopte
976 863 1139 924 nutu
1176 862 1243 924 et
1276 881 1394 925 suo
1429 859 1715 944 pondere
1750 859 1832 923 ad
1877 859 2055 943 paris
2096 859 2373 944 angulos

253 1666 314 1714 41

256 2351 336 2416 18

353 949 426 1014 in
477 952 719 1014 terram
763 953 832 1013 et
883 948 953 1012 in
996 969 1174 1012 mare
1217 947 1537 1027 ferantur,
1591 948 1875 1030 reliquae
1926 937 2087 1012 duae
2132 951 2376 1032 partes,

355 1058 485 1101 una
529 1037 750 1121 ignea,
797 1036 1005 1100 altera
1050 1035 1379 1119 animalis,
1424 1039 1499 1102 ut
1540 1036 1694 1101 illae
1733 1036 2088 1119 superiores
2134 1036 2204 1100 in
2242 1057 2375 1100 me·

358 1125 536 1188 dium
581 1123 796 1188 locum
842 1123 1066 1187 mundi
1111 1125 1432 1208 gravitate
1477 1123 1769 1188 ferantur
1814 1127 1882 1188 et
1924 1123 2226 1208 pondere,
2278 1123 2376 1190 sic
2405 1152 2458 1192 ιο

355 1213 480 1276 hae
515 1232 772 1275 rursum
808 1211 1002 1276 rectis
1046 1211 1234 1276 lineis
1270 1212 1342 1276 in
1379 1213 1723 1277 caelestem
1758 1213 1973 1278 locum
2010 1211 2377 1297 subvolent,

357 1300 495 1366 sive
556 1299 700 1383 ipsa
761 1301 996 1364 natura
1055 1300 1395 1383 superiora
1456 1301 1825 1385 adpetente,
1896 1301 2034 1366 sive
2095 1299 2269 1385 quod
2336 1323 2377 1365 a

357 1386 766 1472 gravioribus
830 1387 1075 1453 leviora
1138 1391 1372 1452 natura
1442 1390 1853 1474 repellantur.
1972 1387 2151 1466 Quae
2225 1409 2374 1454 cum

358 1478 682 1561 constent,
735 1477 1147 1560 perspicuum
1201 1476 1394 1541 debet
1436 1497 1577 1541 esse
1629 1477 1907 1562 animos,
1960 1499 2108 1542 cum
2154 1497 2190 1540 e
2234 1497 2375 1542 cor·

355 1585 512 1648 pore
556 1566 974 1650 excesserint,
1021 1565 1154 1629 sive
1198 1565 1300 1628 illi
1346 1565 1480 1628 sint
1520 1565 1859 1649 animales,
1904 1565 1972 1629 id
2018 1568 2118 1630 est
2163 1565 2371 1648 spira·
2404 1595 2456 1634 ιε»

357 1653 550 1736 biles,
597 1653 734 1718 sive
774 1653 982 1738 ignei,
1028 1653 1304 1718 sublime
1350 1651 1523 1717 ferri.
1594 1651 1665 1717 Si
1708 1674 1860 1718 vero
1908 1655 2021 1718 aut
2061 1674 2374 1718 numerus

356 1741 618 1825 quidam
691 1745 791 1806 est
863 1741 1143 1825 animus,
1224 1741 1396 1824 quod
1478 1740 1803 1806 subtiliter
1888 1741 2098 1826 magis
2174 1763 2375 1826 quam

356 1828 633 1893 dilucide
679 1828 938 1913 dicitur,
993 1833 1108 1893 aut
1157 1829 1387 1913 quinta
1440 1829 1557 1894 illa
1598 1850 1734 1894 non
1778 1830 2117 1894 nominata
2159 1830 2374 1915 magis

355 1937 551 1999 quam
603 1937 737 1982 non
791 1917 1120 1982 intellecta
1174 1920 1437 1996 natura,
1504 1917 1711 1981 multo
1768 1918 1964 1982 etiam
2017 1918 2377 2002 integriora

357 2025 433 2068 ac
485 2004 750 2086 puriora
805 2007 982 2088 sunt,
1034 2008 1111 2070 ut
1165 2027 1204 2070 a
1257 2008 1431 2070 terra
1492 2005 1873 2090 longissime
1938 2026 2008 2071 se
2066 2006 2373 2072 ecferant.
2402 2035 2454 2075 2⁰

355 2089 606 2156 Horum
649 2091 852 2176 igitur
888 2093 1131 2176 aliquid
1165 2094 1250 2158 sit
1291 2093 1570 2172 animus,
1614 2115 1695 2158 ne
1738 2097 1877 2158 tam
1911 2096 2143 2180 vegeta
2188 2116 2373 2160 mens

357 2181 472 2242 aut
524 2179 594 2242 in
646 2179 836 2243 corde
893 2180 1232 2245 cerebrove
1287 2184 1402 2245 aut
1453 2181 1523 2245 in
1566 2181 2001 2266 Empedocleo
2058 2184 2375 2268 sanguine

359 2266 654 2330 demersa
699 2266 924 2332 iaceat.

489 2352 958 2419 Dicaearchum
996 2377 1148 2420 vero
1188 2377 1335 2421 cum
1373 2356 1790 2444 Aristoxeno,
1826 2359 2083 2443 aequali
2120 2362 2187 2424 et
2222 2382 2371 2426 con-

357 2442 672 2526 discipulo
720 2464 865 2529 suo,
911 2443 1133 2509 doctos
1181 2467 1337 2510 sane
1380 2445 1705 2526 homines,
1752 2447 2153 2534 omittamus;
2212 2471 2369 2533 quo·
2402 2475 2454 2516 25

353 2551 499 2596 rum
564 2532 730 2596 alter
789 2553 872 2598 ne
935 2532 1340 2598 condoluisse
1403 2533 1657 2618 quidem
1725 2557 2035 2619 >umquam
2096 2535 2370 2622 videtur,

354 2620 467 2702 qui
501 2620 790 2684 animum
829 2642 896 2685 se
932 2620 1169 2686 habere
1205 2643 1338 2686 non
1376 2623 1628 2707 sentiat,
1675 2623 1843 2688 alter
1881 2623 1977 2688 ita
2012 2623 2370 2692 delectatur

355 2707 488 2771 suis
525 2709 843 2792 cantibus,
879 2712 955 2773 ut
990 2732 1098 2775 eos
1134 2711 1333 2774 etiam
1370 2711 1452 2774 ad
1497 2711 1657 2775 haec
1682 2711 2045 2777 transferre
2082 2717 2368 2779 conetur.

353 2793 760 2861 Harmonian
797 2799 1013 2862 autem
1053 2820 1130 2863 ex
1167 2798 1531 2862 intervallis
1570 2821 1876 2864 sonorum
1910 2821 2105 2866 nosse
2138 2823 2369 2885 possu-

351 2902 526 2964 mus,
571 2902 843 2966 quorum
879 2886 1062 2949 varia
1099 2887 1484 2969 compositio
1522 2888 1717 2951 etiam
1754 2888 2126 2954 harmonias
2164 2889 2369 2957 efficit
2396 2917 2452 2958 30

350 2968 583 3052 pluris3
622 2971 1058 3035 membrorum
1094 2994 1246 3037 vero
1277 2975 1441 3039 situs
1472 2978 1538 3039 et
1572 2976 1783 3060 figura
1809 2978 2101 3060 corporis
2127 2999 2368 3044 vacans

353 3055 570 3121 animo
634 3079 825 3141 quam
888 3060 1100 3142 possit
1160 3060 1569 3128 harmoniam
1633 3063 1909 3149 efficere,
1971 3086 2103 3131 non
2158 3067 2369 3133 video·

353 3141 481 3208 Sed
527 3142 633 3209 hic
678 3144 959 3231 quidem,
1006 3149 1296 3231 quamvis
1340 3151 1627 3216 eruditus
1666 3152 1780 3236 sit,
1826 3153 1997 3218 sicut
2042 3157 2159 3239 est,
2205 3155 2369 3221 haec

351 3233 666 3316 magistro
703 3235 1014 3301 concedat
1045 3234 1405 3323 Aristoteli,
1441 3261 1668 3304 canere
1702 3240 1844 3324 ipse
1880 3240 2123 3308 doceat.
2186 3241 2367 3310 Bene

351 3320 526 3384 enim
571 3321 685 3386 illo
733 3319 1121 3390 Graecorum
1166 3328 1508 3411 proverbio
1552 3329 1973 3414 praecipitur:
2397 3357 2449 3399 ³⁵

341 3493 587 3569 Quam
631 3497 951 3583 quisque
985 3502 1198 3565 norit
1233 3503 1503 3588 artem,
1547 3505 1625 3569 in
1669 3505 1808 3570 hac
1865 3528 1943 3572 se
1990 3508 2368 3575 exerceat.

2540 99 2567 120 ’
