2609 3884
321 1043 386 1092 62

325 2536 392 2585 63

324 3192 410 3257 26

427 162 555 227 302
815 160 1414 217 TUSCULANARUM
1446 158 2053 215 DISPUTATIONUM
2534 2 2567 404 1

425 324 660 389 fundus
724 326 839 388 aut
903 344 1066 410 quae
1127 322 1282 387 talis
1346 321 1544 387 animi
1608 322 1819 407 figura
1870 321 2165 424 intellegi
2194 325 2441 425 ‘potest

424 415 540 477 aut
584 434 747 496 quae
791 415 979 477 tanta
1022 412 1286 477 omnino
1330 408 1703 493 capacitas?
1791 409 1901 474 An
1944 410 2213 494 inprimi
2256 412 2441 493 quasi

426 521 640 565 ceram
677 503 964 565 animum
998 502 1321 585 putamus,
1358 503 1424 563 et
1450 518 1589 563 esse
1616 498 2000 563 memoriam
2032 497 2443 585 signatarum

425 609 641 653 rerum
693 589 763 652 in
817 591 1031 652 mente
1089 584 1414 673 vestigia?
1512 584 1691 662 Quae
1753 590 2027 670 possunt
2076 586 2444 671 verborum,

425 698 590 761 quae
651 696 866 741 rerum
927 676 1218 759 ipsarum
1279 695 1421 740 esse
1474 673 1779 759 vestigia,
1831 696 2001 759 quae
2051 694 2247 758 porro
2301 678 2442 740 tam
2466 700 2489 738 5

424 765 722 830 inmensa
799 764 1177 849 magnitudo
1197 814 1217 848 ,
1302 784 1467 847 quae
1537 762 1657 826 illa
1724 766 1867 827 tam
1942 762 2153 828 multa
2232 763 2445 847 possit

425 852 778 938 effingere?
869 851 1081 928 Quid?
1125 851 1242 915 illa
1284 851 1385 916 vis
1431 872 1595 934 quae
1639 850 1905 915 tandem
1950 854 2076 929 est,
2134 872 2299 935 quae
2345 851 2444 915 in-

425 942 712 1025 vestigat
747 940 1025 1019 occulta,
1063 960 1227 1023 quae
1255 938 1545 1003 inventio
1583 940 1776 1023 atque
1814 938 2123 1022 cogitatio
2160 938 2444 1003 dicitur?

425 1028 529 1093 Ex
583 1028 788 1093 hacne
840 1028 968 1093 tibi
1021 1030 1278 1091 terrena
1332 1026 1719 1110 mortalique
1779 1030 2017 1091 natura
2076 1030 2142 1091 et
2202 1026 2449 1092 caduca

425 1120 728 1182 concreta
781 1137 858 1181 ea
909 1115 1187 1199 videtur,
1241 1117 1356 1180 aut
1406 1114 1519 1198 qui
1573 1114 1823 1197 primus
1835 1163 1853 1197 ,
1922 1114 2090 1198 quod
2152 1134 2447 1180 summae
2474 1140 2513 1179 ιο

427 1204 780 1288 sapientiae
825 1202 1238 1289 Pythagorae
1281 1203 1493 1268 visum
1546 1206 1673 1285 est,
1728 1202 2027 1267 omnibus
2081 1202 2276 1267 rebus
2325 1204 2447 1268 im·

425 1292 645 1375 posuit
687 1292 977 1375 nomina,
1025 1295 1137 1356 aut
1181 1291 1292 1375 qui
1337 1290 1689 1373 dissipatos
1744 1290 2041 1356 homines
2088 1310 2445 1377 congrega-

425 1380 523 1445 vit
577 1384 644 1445 et
687 1379 770 1444 ad
813 1380 1192 1445 societatem
1243 1378 1418 1444 vitae
1464 1378 1871 1463 convocavit,
1930 1382 2047 1443 ant
2090 1378 2201 1462 qui
2248 1400 2447 1444 sonos

426 1469 631 1551 vociS‚
677 1468 788 1552 qui
830 1468 1070 1532 infiniti
1114 1466 1526 1550 videbantur,
1579 1467 1803 1550 paucis
1851 1428 2222 1531 litterarum
2264 1467 2447 1533 notis

425 1556 823 1640 terminavit,
869 1559 985 1620 aut
1028 1553 1141 1639 qui
1183 1554 1539 1619 errantium
1584 1554 1923 1619 stellarum
1968 1575 2217 1655 cursus,
2263 1576 2448 1638 prae-
2474 1580 2514 1620 ιε

429 1644 795 1729 gressiones
806 1694 825 1728 ‚
869 1643 1240 1708 institiones
1285 1642 1585 1707 notavit?
1668 1641 1903 1708 Omnes
1949 1642 2199 1726 magni,
2245 1643 2449 1709 etiam

429 1732 819 1815 superiores,
873 1732 984 1815 qui
1039 1730 1284 1816 fruges,
1342 1730 1454 1814 qui
1504 1730 1843 1814 vestitum,
1907 1730 2018 1813 qui
2068 1733 2273 1809 tecta,
2334 1732 2447 1815 qui

429 1820 676 1885 cultum
731 1820 931 1903 vitae,
984 1818 1096 1902 qui
1148 1818 1471 1902 praesidia
1526 1822 1755 1883 contra
1811 1819 1983 1882 feras
2040 1818 2446 1897 invenerunt,

428 1930 468 1972 a
504 1908 740 1991 quibus
783 1905 1213 1971 mansuefacti
1261 1910 1328 1971 et
1373 1905 1607 1970 exculti
1643 1928 1686 1970 a
1724 1904 2104 1971 necessariis
2152 1906 2445 1971 artificiis
2572 1918 2574 1921 ‘

429 1994 510 2059 ad
547 1994 948 2079 elegantiora
992 1993 1390 2058 defluximus.
1461 1991 1631 2057 Nam
1671 1996 1739 2057 et
1783 1994 2046 2058 auribus
2087 1993 2444 2059 oblectatio
2468 2019 2508 2058 ιο
2574 1992 2576 2051 ζ

428 2101 664 2166 magna
727 2085 918 2165 parta
971 2086 1074 2147 est
1125 2082 1392 2146 inventa
1448 2084 1514 2145 et
1574 2083 1936 2165 temperata
1995 2080 2315 2147 varietate
2384 2088 2447 2147 et

426 2174 662 2233 natura
717 2190 1051 2255 sonorum,
1105 2172 1173 2234 et
1225 2173 1404 2234 astra
1458 2169 1862 2252 suspeximus
1916 2190 2061 2234 cum
2115 2190 2217 2253 ea,
2284 2190 2449 2254 quae

431 2261 584 2322 sunt
627 2257 826 2322 infixa
863 2258 1056 2323 certis
1101 2257 1288 2340 locis,
1332 2259 1473 2321 tum
1517 2257 1634 2322 illa
1666 2280 1800 2323 non
1833 2279 1933 2341 re,
1980 2257 2093 2322 sed
2128 2258 2451 2323 vocabulo
2573 2306 2576 2343 ÷

429 2346 735 2432 errantia3
802 2367 1075 2430 quorum
1142 2345 1594 2410 conversiones
1658 2345 1991 2429 omnisque
2052 2348 2273 2410 motus
2339 2347 2455 2431 qui
2573 2366 2575 2369 ’

429 2433 648 2498 animo
709 2433 898 2512 vidit,
960 2433 1019 2498 is
1082 2432 1303 2497 docuit
1364 2432 1647 2497 similem
1709 2433 1997 2499 animum
2061 2454 2252 2498 suum
2308 2434 2455 2499 eius
2478 2457 2521 2498 ιι

433 2543 599 2604 esse,
662 2522 775 2607 qui
838 2542 915 2586 ea
973 2520 1333 2586 fabricatus
1398 2524 1571 2586 esset
1630 2520 1699 2585 in
1761 2521 1958 2586 caelo.
2062 2516 2237 2585 Nam
2304 2542 2457 2587 cum

429 2609 852 2675 Archimedes
894 2609 1114 2687 lunae,
1159 2609 1346 2692 solis,
1390 2608 1667 2693 quinque
1713 2609 2068 2673 errantium
2112 2612 2335 2674 motus
2386 2611 2461 2674 in

429 2697 805 2782 sphaeram·
837 2658 1166 2781 inligavit,
1229 2696 1443 2761 effecit
1503 2696 1702 2780 idem,
1763 2696 1935 2780 quod
1996 2696 2136 2781 ille,
2205 2697 2320 2781 qui
2388 2698 2461 2761 in

427 2786 693 2850 Timaeo
738 2786 1045 2850 mundum
1091 2784 1482 2866 aedificavit,
1533 2784 1829 2849 Platonis
1884 2784 2069 2868 deus,
2121 2787 2197 2848 ut
2248 2784 2462 2849 tardi-

427 2876 564 2937 tate
638 2876 704 2937 et
776 2872 1105 2938 celeritate
1175 2832 1644 2937 dissimill'imos
1722 2875 1939 2938 motus
2002 2892 2133 2937 una
2193 2876 2463 2958 regeret
2486 2895 2531 2935 ³⁰

429 2960 783 3025 conversio.
872 2959 1055 3036 Quod
1103 2961 1158 3025 si
1202 2960 1274 3025 in
1318 2959 1443 3024 hoc
1486 2959 1725 3024 mundo
1776 2959 1918 3024 fieri
1962 2960 2103 3024 sine
2149 2958 2273 3025 deo
2318 2980 2458 3025 non

427 3052 675 3132 potest,
727 3068 810 3111 ne
865 3047 936 3111 in
991 3047 1268 3132 sphaera
1321 3048 1580 3131 quidem
1634 3046 1895 3113 eosdem
1948 3050 2163 3112 motus
2220 3048 2463 3173 Archi-

428 3134 648 3199 medes
695 3135 832 3199 sine
877 3135 1094 3200 divino
1141 3136 1402 3219 ingenio
1449 3136 1774 3218 potuisset
1816 3134 2079 3199 imitari.

561 3221 730 3287 Mihi
781 3244 933 3288 vero
986 3244 1069 3286 ne
1113 3222 1272 3288 haec
1325 3222 1585 3307 quidem
1638 3224 1897 3289 notiora
1950 3226 2017 3287 et
2068 3174 2468 3289 inlustriora

367 3270 646 3374 4carere
699 3310 767 3374 vi
821 3309 1042 3374 divina
1092 3309 1421 3394 videntur,
1472 3315 1551 3376 ut
1604 3331 1724 3395 ego
1780 3314 1895 3376 aut
1947 3313 2209 3394 poetam
2256 3331 2469 3396 grave
2492 3332 2535 3373 σε

428 3397 817 3481 plenumque
845 3416 1105 3460 carmen
1131 3397 1271 3461 sine
1305 3398 1573 3463 caelesti
1608 3399 1825 3483 aliquo
1864 3399 2099 3463 mentis
2136 3398 2471 3464 instinctu

429 3489 653 3566 putem
695 3481 990 3567 fundere,
1043 3487 1156 3549 aut
1210 3484 1645 3569 eloquentiam
1690 3486 1829 3551 sine
1874 3486 2117 3552 maiore
2169 3487 2467 3572 quadam
