2609 3884
657 195 795 253 LIB.
831 195 900 252 IL
957 195 1110 250 CAP.
1152 203 1394 251 13—16.
1451 201 1481 262 ξ
1518 201 1761 252 32-37.
2084 201 2210 263 341

189 357 380 442 pueri
422 361 719 442 possunt,
763 358 889 422 viri
931 379 1063 422 non
1108 355 1463 442 poterunt?
1509 360 1574 422 et
1619 379 1761 424 mos
1807 358 2001 443 valet,
2044 361 2213 427 ratio

189 467 327 510 non
372 445 668 511 valebit?

326 533 607 598 Interest
663 533 910 619 aliquid
961 533 1134 598 inter
1186 532 1480 598 laborem
1534 537 1601 599 et
1657 534 1963 600 dolorem.
2054 533 2216 602 Sunt
2239 497 2321 624 1353

193 621 476 686 finitima
512 622 804 706 omnino,
849 621 961 686 sed
1003 625 1226 686 tamen
1271 621 1487 686 differt
1523 622 1784 706 aliquid.
1855 621 2072 689 Labor
2116 629 2215 689 est

141 734 168 776 ε
193 709 443 775 functio
481 709 795 794 quaedam
822 709 928 774 vel
957 710 1156 774 animi
1182 710 1285 774 vel
1324 710 1610 794 corporis
1648 711 1967 794 gravioris
2000 713 2213 796 operis

195 801 262 863 et
305 797 619 881 muneris,
664 797 850 864 dolor
895 801 1111 862 autem
1155 800 1372 862 motus
1419 819 1606 881 asper
1650 799 1719 863 in
1754 821 2022 884 corpore
2061 800 2214 866 alie-

192 907 314 951 nus
345 908 386 950 a
413 886 724 951 sensibus.
778 884 960 951 Haec
996 885 1120 950 duo
1151 883 1383 950 Graeci
1420 886 1537 966 illi,
1585 908 1855 970 quorum
1892 889 2215 971 copiosior

195 976 296 1040 est
329 973 560 1058 lingua
595 995 789 1058 quam
825 981 1068 1056 nostra,
1102 994 1230 1038 uno
1268 973 1531 1038 nomine
1569 975 1918 1059 appellant.
1987 975 2214 1062 Itaque

191 1061 550 1128 industrios
604 1061 900 1127 homines
921 1126 928 1131 ,
953 1061 1055 1126 illi
1108 1061 1435 1127 studiosos
1490 1063 1592 1127 vel
1657 1064 1877 1147 potius
1933 1065 2213 1130 amantis

112 1175 168 1215 10
194 1150 436 1216 doloris
505 1149 864 1234 appellant,
929 1171 1051 1214 nos
1123 1149 1523 1215 commodius
1588 1151 1975 1237 laboriosos3
2041 1152 2215 1218 aliud

195 1241 296 1305 est
351 1238 522 1303 enim
574 1237 899 1320 laborare,
953 1237 1127 1302 aliud
1181 1237 1417 1302 dolere.
1516 1236 1569 1304 Ο
1632 1240 1979 1305 verborum
2023 1242 2213 1344 inops

200 1328 214 1342 '
680 1326 694 1340 '
743 1347 821 1392 us
867 1326 1194 1391 abundare
1237 1328 1304 1390 te
1352 1347 1420 1392 se
1534 1347 1604 1392 er
1693 1350 1736 1392 u
1914 1326 2211 1394 Graec1a!

193 1414 412 1499 Aliud,
446 1415 728 1498 inquam,
765 1416 866 1478 est
900 1413 1134 1496 dolere,
1170 1412 1344 1478 aliud
1381 1413 1698 1479 laborare.
1762 1412 1926 1480 Cum
1961 1417 2210 1482 varices

195 1503 582 1570 secabantur
619 1499 689 1567 O.
725 1501 962 1586 Mario,
1007 1501 1295 1586 dolebat3
1336 1523 1482 1566 cum
1520 1504 1704 1567 aestu
1739 1523 1981 1587 magno
2029 1503 2213 1569 duce-

113 1614 168 1656 15
193 1592 312 1656 bat
348 1611 607 1677 agmen,
651 1589 1011 1656 laborabat.
1081 1588 1208 1655 Est
1241 1589 1411 1654 inter
1446 1589 1607 1654 haec
1643 1590 1956 1674 quaedam
1989 1594 2213 1656 tamen

193 1678 584 1763 similitud03
657 1677 1049 1743 consuetudo
1123 1678 1295 1743 enim
1366 1676 1665 1743 laborum
1730 1678 2211 1763 perpessionem

193 1768 490 1835 dolorum
544 1765 745 1832 efficit
793 1765 1171 1832 faciliorem.
1267 1765 1496 1850 Itaque
1549 1765 1649 1830 illi
1657 1815 1676 1850 ‚
1736 1767 1846 1850 qui
1902 1764 2209 1832 Graeciae
2246 1779 2315 1828 36

18 1875 22 1959 Q
191 1855 472 1922 formam
506 1875 722 1920 rerum
765 1855 1169 1939 publicarum
1215 1852 1551 1938 dederunt,
1596 1875 1868 1938 corpora
1907 1853 2210 1920 iuvenum

193 1944 442 2010 firmari
494 1943 719 2008 labore
769 1943 1131 2008 voluerunt.
1229 1941 1415 2020 Quod
1470 1940 1833 2026 Spartiatae
1889 1943 2087 2007 etiam
2142 1943 2210 2010 in

20 2115 22 2120 ³
115 2056 170 2096 ιο
192 2033 472 2097 feminas
516 2031 1015 2115 transtulerunt,
1061 2052 1221 2116 quae
1267 2031 1498 2096 ceteris
1544 2030 1615 2094 in
1658 2031 1927 2096 urbibus
1961 2030 2210 2096 mollis-

20 2131 22 2136 '
196 2121 359 2186 simo
428 2120 605 2186 cultu
668 2118 1083 2203 ‘parietum
1143 2119 1432 2185 umbris
1488 2118 1993 2186 occuluntur’.
2102 2118 2211 2185 Illi

19 2139 30 2308 i
195 2212 412 2274 autem
455 2208 799 2274 voluerunt
840 2207 1004 2272 nihil
1047 2207 1278 2272 horum
1330 2207 1543 2273 simile
1590 2229 1728 2274 esse

984 2330 1182 2415 apud
1226 2328 1611 2396 Lacaenas
1657 2329 2036 2417 virgines,

22 2421 24 2550 J
282 2418 576 2496 Quibus
611 2419 859 2504 magis
901 2419 1329 2503 palaestra,
1372 2418 1689 2505 Eurota,
1735 2418 2211 2586 εἷέᾌξξὲνίε,

22 2601 24 2693 J
114 2620 166 2662 8⁵
281 2592 578 2660 Militia
623 2593 880 2660 studio
928 2598 1044 2660 est
1089 2596 1310 2679 quam
1354 2593 1738 2660 fertilitas
1784 2594 2132 2660 barbara.

191 2735 373 2821 Ergo
436 2735 541 2800 his
600 2734 946 2801 laboriosis
1010 2735 1576 2801 exercitationibus
1642 2738 1708 2799 et
1769 2734 1953 2800 dolor
2015 2736 2211 2801 inter-

194 2825 398 2890 currit
430 2845 564 2889 non
595 2844 972 2908 numquam,
1007 2823 1419 2909 inpelluntur,
1453 2822 1789 2904 feriuntur,
1827 2823 2213 2910 abiciuntur,

193 2913 457 2996 cadunt,
511 2914 578 2976 et
625 2912 768 2995 ipse
820 2911 1010 2977 labor
1055 2913 1243 2997 quasi
1287 2912 1527 2977 callum
1585 2911 1903 2995 quoddam
1949 2912 2215 2979 obducit

116 3115 168 3156 so
194 3000 631 3153 dOIOIldlilitiam
692 3109 846 3153 vero
907 3123 997 3135 --
1058 3091 1350 3153 nostram
1415 3087 1587 3172 dic0,
1657 3109 1790 3153 non
1853 3058 2317 3185 spatiata-132

26 3177 28 3190 '
191 3198 364 3260 rum,
401 3197 673 3260 quorum
707 3175 997 3261 procedit
1032 3196 1266 3261 agmen
1301 3176 1382 3240 ad
1418 3175 1678 3260 tibiam,
1714 3196 1833 3242 nec
1871 3175 2212 3242 adhibetur

191 3265 329 3330 ulla
375 3265 515 3330 sine
553 3263 920 3349 anapaestis
966 3264 1236 3348 pedibus
1281 3263 1599 3348 hortati03
1643 3263 1858 3330 nostri
1894 3266 2211 3329 exercitus

191 3353 477 3438 primum
511 3352 680 3417 unde
715 3373 953 3418 nomen
990 3351 1301 3436 habeant,
1342 3351 1549 3436 vides3
1596 3351 1824 3418 deinde
1861 3352 1972 3436 qui
2008 3352 2211 3436 labor,

192 3444 474 3527 quantus
519 3439 831 3526 agminis,
885 3439 1055 3504 ferre
1100 3440 1246 3524 plus
1292 3439 1618 3504 dimidiati
1661 3439 1901 3504 mensis
1949 3439 2210 3522 cibaria,

116 3553 165 3597 ιε
190 3530 388 3611 ferre,
462 3528 519 3593 si
591 3527 743 3614 quid
807 3527 888 3592 ad
947 3549 1136 3592 usum
1197 3526 1427 3611 velint,
1486 3526 1655 3591 ferre
1717 3528 1993 3608 vallum3
2055 3547 2208 3590 nam
