2609 3884
657 153 793 209 ΗΒ.
830 155 874 209 1.
930 152 1085 208 CAP.
1123 160 1218 224 44,
1255 159 1344 209 45.
1401 160 1430 221 s
1471 160 1783 210 105—109.
2103 154 2231 222 321

205 317 441 403 pereat
483 314 741 381 Atreus,
815 314 1071 381 Durum
1113 316 1240 381 hoc
1287 338 1466 401 san03
1510 315 1665 381 talis
1712 316 1883 381 enim
1928 316 2234 381 interitus

205 423 347 472 non
389 407 495 469 est
538 404 677 469 sine
723 405 908 489 gravi
955 426 1172 490 sensu3
1223 404 1343 494 illa
1387 404 1635 469 inania:

299 510 479 611 lpse
516 527 830 592 summis
869 526 1080 592 saxis
1115 525 1326 591 fixus
1366 527 1691 611 asperiS,
1726 524 2237 611 evisceratus,

299 613 578 681 Latere
641 613 1006 699 pendens,
1069 616 1251 681 saxa
1316 635 1693 700 spargens
1748 615 1959 699 tabo,
2018 615 2234 681 sanie

1330 706 1406 767 et
1449 702 1824 788 sanguine
1872 706 2058 770 atro.

147 866 187 910 5
210 840 368 909 Non
410 844 558 927 ipsa
601 866 758 909 saxa
802 843 1014 929 magis
1053 865 1246 909 sensu
1290 843 1469 908 omni
1512 843 1839 909 vacabunt
1883 865 2078 928 quam
2124 844 2236 907 ille

210 928 441 997 ‘latere
496 930 837 1016 pendens',
889 932 994 997 cui
1040 953 1109 997 se
1161 931 1270 995 hic
1316 932 1669 997 cruciatum
1714 935 1937 997 censet
1991 934 2237 1014 optare.

210 1018 393 1095 Quae
447 1023 666 1085 essent
709 1020 896 1103 dura,
949 1020 1008 1084 si
1067 1020 1365 1104 sentiret,
1416 1020 1600 1085 nulla
1650 1025 1799 1085 sunt
1841 1020 1980 1084 sine
2028 1040 2237 1085 sensu.

207 1105 384 1172 Illud
428 1129 580 1173 vero
626 1129 941 1193 perquam
989 1107 1209 1173 inane:

217 1314 221 1317 .
301 1225 564 1314 Neque
611 1230 1078 1314 sepulcrum,
1135 1231 1278 1314 qu6
1325 1232 1682 1315 recipiat,
1724 1230 2014 1296 habeat
2056 1252 2236 1315 por-

1468 1322 1627 1383 tum
1678 1320 2060 1404 c6rporis,

119 1431 186 1473 ιο
302 1387 454 1469 Ubi
496 1406 830 1470 remissa
871 1404 1206 1470 humana
1248 1406 1414 1471 vita
1458 1408 1732 1490 c6rpus
1792 1407 2238 1491 requiescat

1805 1495 2060 1560 malis.

209 1633 442 1715 Vides,
499 1638 744 1718 quanto
802 1633 961 1699 haec
1005 1634 1076 1699 in
1122 1655 1337 1701 errore
1381 1638 1741 1718 versentur3
1787 1638 2050 1717 portum
2095 1655 2238 1700 esse

210 1721 504 1805 corporis
569 1725 636 1786 et
700 1722 1098 1806 requiescere
1162 1722 1233 1787 in
1296 1724 1591 1807 sepulcro
1644 1725 1835 1806 putat
1890 1726 2239 1807 mortuum,

211 1830 456 1895 magna
519 1810 712 1893 culpa
772 1810 1061 1893 Pelopis,
1126 1811 1240 1894 qui
1300 1832 1437 1876 non
1500 1810 1805 1876 erudierit
1856 1810 2063 1875 fflium
2119 1832 2238 1877 nec

213 1897 533 1983 docuerit,
578 1902 893 1983 quatenus
941 1899 1113 1963 esset
1159 1898 1441 1983 quidque
1486 1898 1857 1963 curandum.
2255 1946 2345 2010 45

123 2013 183 2053 15
349 1984 474 2052 Sed
546 1986 694 2069 quid
771 1986 1174 2071 singulorum
1249 1987 1585 2069 opiniones
1668 1986 2194 2071 animadvertam,
2243 2023 2345 2074 108

213 2073 554 2139 nationum
597 2074 812 2138 varios
859 2095 1108 2140 errores
1152 2076 1516 2158 perspicere
1562 2096 1710 2140 cum
1754 2074 1993 2139 liceat?
2071 2072 2235 2139 Con-

213 2161 403 2226 diunt
455 2160 772 2245 Aegyptii
824 2165 1113 2227 mortuos
1170 2165 1238 2226 et
1281 2184 1393 2227 eos
1440 2166 1705 2228 servant
1750 2161 1952 2246 domi,
2004 2162 2237 2229 Persae

217 2249 412 2313 etiam
459 2268 606 2313 cera
650 2248 1044 2315 circumlitos
1082 2248 1397 2331 condunt,
1441 2254 1516 2315 ut
1553 2272 1747 2334 quam
1783 2250 2061 2315 maxime
2097 2273 2238 2336 per-

215 2339 528 2401 maneant
591 2335 900 2401 diuturna
961 2358 1247 2421 corpora.
1354 2338 1699 2425 Magorum
1752 2360 1894 2405 mos
1950 2342 2052 2403 est
2104 2361 2239 2405 non

127 2452 187 2493 πο
215 2423 486 2489 humare
524 2445 798 2507 corpora
833 2445 1124 2508 suorum,
1167 2426 1295 2490 nisi
1334 2449 1373 2490 a
1405 2426 1564 2491 feris
1607 2426 1741 2491 sint
1776 2430 1929 2491 ante
1972 2427 2238 2491 laniata.

212 2512 293 2577 In
335 2511 662 2597 Hyrcania
705 2512 891 2596 plebs
937 2512 1233 2596 publicos
1281 2513 1401 2578 alit
1445 2536 1665 2599 canes,
1718 2517 2082 2597 optumates
2129 2514 2238 2580 do·

213 2600 538 2666 mest-loos.
635 2599 874 2665 Nobile
941 2603 1156 2666 autem
1220 2621 1423 2686 genus
1478 2623 1711 2667 canum
1770 2602 1934 2666 illud
2000 2601 2238 2667 scimus

216 2710 384 2773 esse3
439 2688 552 2753 sed
603 2710 724 2772 pro
780 2710 898 2754 sua
953 2688 1226 2773 quisque
1279 2688 1590 2755 facultate
1643 2694 1859 2774 parat,
1920 2710 1960 2753 a
2006 2690 2239 2774 quibus

213 2778 514 2862 lanietur,
552 2797 818 2861 eamque
845 2779 1181 2859 optumam
1208 2777 1310 2841 illi
1338 2799 1477 2842 esse
1515 2780 1782 2843 censent
1819 2778 2240 2861 sepulturam.

131 2890 190 2932 25
214 2864 554 2930 Permulta
618 2865 751 2929 alia
812 2865 1068 2949 colligit
1133 2862 1571 2950 Chrysippus,
1632 2869 1707 2931 ut
1767 2869 1869 2931 est
1930 2865 2001 2929 in
2066 2866 2241 2932 omni

215 2953 497 3019 historia
541 2953 859 3036 curiosus3
906 2952 1019 3019 sed
1062 2952 1158 3017 ita
1200 2956 1418 3019 taetra
1464 2957 1615 3018 sunt
1660 2953 2001 3038 quaedam,
2045 2958 2121 3018 ut
2166 2976 2243 3019 ea

217 3040 430 3127 fugiat
485 3044 554 3105 et
601 3040 980 3107 reformidet
1033 3041 1260 3107 oratio.
1359 3041 1563 3106 Totus
1624 3042 1827 3127 igitur
1887 3042 1994 3107 hic
2058 3042 2239 3107 locus

218 3133 320 3194 est
355 3129 858 3195 contemnendus
894 3130 964 3193 in
997 3129 1207 3213 nobis,
1240 3150 1379 3193 non
1411 3130 1849 3214 neglegendus
1886 3131 1957 3194 in
1981 3130 2242 3210 nostris,

217 3218 313 3282 ita
374 3220 624 3301 tamen,
682 3221 758 3282 ut
811 3219 1208 3282 mortuorum
1265 3238 1539 3300 corpora
1590 3217 1757 3281 nihil
1812 3218 2052 3283 sentire
2103 3218 2241 3282 vivi

135 3331 193 3373 ω
219 3304 592 3372 sentiamus.
702 3304 1032 3381 Quantum
1086 3308 1304 3368 autem
1360 3305 1805 3370 consuetudini
1858 3306 2197 3389 famaeque
2244 3315 2345 3365 109

219 3394 498 3471 dandum
564 3394 678 3478 sit,
740 3392 809 3457 id
873 3394 1095 3457 curent
1147 3391 1309 3476 vivi,
1372 3392 1486 3457 sed
1539 3393 1663 3477 ita,
1726 3395 1802 3458 ut
1853 3393 2243 3477 intellegant

216 3480 383 3547 nihil
427 3481 495 3546 id
540 3480 624 3548 ad
667 3482 958 3547 mortuos
1003 3479 1348 3564 pertinere.

327 3592 436 3637 010.
463 3594 544 3636 1v.
583 3596 620 3635 1.
1429 3579 1433 3583 '
1850 3587 1917 3635 21
