2609 3884
383 163 470 226 22
923 160 1510 218 ACADEMIOORUM
1544 160 1875 216 PRIORUM

381 327 556 390 toria
606 347 736 391 non
792 323 1134 407 adm'qdum
1179 324 1698 408 exspectabatur,
1744 325 1855 408 qui
1904 324 2417 389 adulescentiam

384 415 455 478 in
489 414 729 479 forensi
768 434 981 496 opera,
1019 415 1402 496 quaesturae
1441 412 1812 496 diuturnum
1848 417 2101 496 tempus
2132 411 2418 481 Murena

383 502 629 567 bellum
666 502 735 565 in
761 500 968 565 Ponto
1005 503 1266 585 gerente
1301 500 1371 564 in
1399 498 1561 564 Asia
1596 501 1667 565 in
1701 521 1858 584 pace
1896 509 2416 584 consumpserat.

385 587 510 654 Sed
555 589 950 654 incredibilis
998 589 1311 672 quaedam
1355 587 1603 673 ingenii
1640 588 2017 672 magnitudo
2057 610 2192 652 non
2236 587 2415 658 desi-

385 678 636 743 deravit
669 677 1014 742 indocilem
1050 697 1204 741 usus
1241 677 1669 760 disciplinam,
1739 676 1969 760 Itaque
2005 697 2150 743 cum
2186 681 2415 742 totum
2447 703 2472 742 5

383 766 511 831 iter
555 769 621 831 et
665 765 1150 850 navigationem
1187 765 1691 848 consumpsisset
1734 765 1976 848 partim
2020 765 2089 828 in
2132 786 2415 848 percon-

382 854 581 919 tando
638 877 677 918 a
729 853 982 938 peritiS,
1036 853 1274 936 partim
1330 854 1401 918 in
1454 853 1647 917 rebus
1702 853 1905 937 gestis
1964 853 2279 936 legendis,
2336 855 2416 918 in

385 941 610 1007 Asiam
666 941 876 1007 factus
922 942 1274 1024 imperator
1326 942 1527 1024 venit,
1582 961 1727 1005 cum
1772 943 1943 1006 esset
1994 940 2205 1006 Roma
2251 963 2417 1025 pro-

384 1030 592 1095 fectus
638 1030 732 1094 rei
768 1030 1070 1094 militaris
1109 1029 1304 1093 rudis·
1380 1028 1627 1093 Habuit
1670 1029 1840 1093 enim
1878 1029 2163 1093 divinam
2202 1051 2413 1115 quan—

385 1118 535 1182 dam
570 1119 950 1183 memoriam
979 1139 1219 1202 rerum3
1257 1117 1601 1182 verborum
1638 1116 1949 1181 maiorem
1984 1116 2411 1201 Hortensius3
2446 1143 2495 1180 ιο

386 1206 498 1270 sed
561 1228 686 1291 quo
740 1206 887 1289 plus
951 1205 1018 1270 in
1073 1205 1355 1290 negotiis
1420 1205 1716 1290 gerendis
1780 1225 1882 1270 res
1946 1227 2140 1290 quam
2202 1206 2413 1270 verba

382 1299 686 1378 prosunt,
746 1294 870 1360 hoc
933 1297 1073 1358 erat
1129 1293 1443 1357 memoria
1501 1292 1619 1358 illa
1680 1292 2140 1377 praestantior3
2206 1315 2411 1379 quam

384 1381 585 1447 fuisse
621 1382 689 1447 in
727 1381 1178 1466 Themistocle,
1223 1402 1411 1465 quem
1456 1381 1648 1446 facile
1693 1379 1998 1446 Graeciae
2041 1382 2409 1465 principem

384 1471 690 1554 ponimus
701 1521 719 1554 ,
775 1470 1168 1554 singularem
1210 1469 1457 1550 ferunt3
1510 1469 1619 1553 qui
1664 1469 1923 1553 quidem
1969 1470 2167 1533 etiam
2212 1471 2411 1553 polli-

387 1559 558 1623 centi
594 1559 846 1624 cuidam
885 1580 953 1622 se
990 1562 1198 1622 artem
1235 1558 1293 1623 ei
1330 1557 1707 1640 memoriae,
1745 1578 1907 1642 quae
1942 1560 2082 1621 tum
2118 1559 2409 1641 primum
2440 1581 2487 1621 15

384 1646 857 1731 proferebatur,
909 1646 1300 1710 traditurum
1354 1646 1761 1729 respondisse
1816 1645 2051 1710 dicitur
2103 1645 2407 1710 oblivisci

387 1756 456 1800 se
509 1735 703 1799 malle
749 1735 1018 1817 discere,
1073 1734 1286 1817 cred0,
1339 1733 1506 1817 quod
1551 1733 1909 1798 haerebant
1951 1733 2023 1797 in
2068 1735 2409 1818 memoria,

387 1845 825 1907 quaecumque
881 1821 1170 1887 audierat
1224 1826 1289 1885 et
1344 1821 1609 1886 viderat.
1706 1820 1851 1885 Tali
1909 1821 2172 1904 ingenio
2218 1843 2407 1904 prae·

386 1911 557 1974 ditus
610 1909 918 1975 Lucullus
976 1910 1352 1974 adiunxerat
1408 1910 1603 1993 etiam
1646 1909 1853 1992 illam,
1909 1930 2104 1993 quam
2147 1908 2407 1974 Themi-

387 1998 627 2063 stocles
673 2000 1028 2080 spreverat,
1075 1997 1507 2082 disciplinam,
1554 1997 1802 2082 itaque,
1844 2000 1921 2060 ut
1964 1997 2204 2061 litteris
2253 2019 2406 2062 con·
2434 2021 2484 2060 πο
2559 2009 2560 2019 ’

388 2086 749 2168 signamus,
821 2106 982 2168 quae
1051 2086 1487 2150 monumentis
1551 2085 1855 2149 mandare
1916 2085 2242 2169 volumus,
2310 2087 2409 2150 sic

317 2195 350 2245 3
388 2174 497 2238 ille
560 2174 630 2237 in
682 2173 895 2237 animo
953 2194 1056 2237 res
1109 2173 1467 2258 insculptas
1528 2174 1828 2238 habebat.
1934 2171 2181 2237 Tantus
2246 2194 2405 2258 ergo

387 2262 740 2345 imperator
773 2261 843 2324 in
879 2262 1058 2327 omni
1094 2281 1329 2346 genere
1367 2261 1525 2326 belli
1559 2261 1708 2345 fuit,
1744 2259 2027 2344 proeliiS,
2067 2281 2403 2345 oppugna-

385 2350 690 2434 tionibus,
733 2350 1073 2415 navalibus
1119 2351 1355 2434 pugnis
1396 2349 1723 2432 totiusque
1769 2349 1927 2413 belli
1968 2349 2403 2414 instrumento

388 2442 454 2503 et
482 2439 815 2523 adparatu,
843 2441 918 2502 ut
944 2438 1056 2502 ille
1084 2459 1196 2502 rex
1223 2441 1376 2521 post
1394 2436 1831 2502 Alexandrum
1861 2458 2201 2501 maxumus
2230 2437 2403 2501 hunc
2430 2461 2476 2500 25
2547 2509 2548 2519 ἢ

387 2551 426 2592 a
459 2549 526 2592 se
562 2527 871 2592 maiorem
909 2527 1134 2592 ducem
1161 2527 1495 2611 cognitum
1525 2547 1717 2609 quam
1743 2546 2131 2609 quemquam
2160 2546 2546 2608 eorum,1

388 2638 548 2717 quos
585 2616 870 2700 legisset,
913 2615 1244 2680 fateretur.
1310 2614 1387 2678 In
1424 2614 1648 2680 eodem
1681 2615 1868 2677 tanta
1900 2611 2244 2696 prudentia
2278 2613 2407 2678 fuit
2542 2667 2544 2687 ,

386 2705 456 2767 in
537 2703 1001 2768 constituendis
1081 2702 1646 2786 temperandisque
1718 2701 2125 2782 civitatibus,
2215 2705 2407 2766 tanta
2530 2739 2543 2769 η

389 2792 707 2874 aequitas,
777 2792 851 2854 ut
911 2789 1101 2855 hodie
1168 2795 1298 2854 stet
1361 2789 1523 2854 Asia
1584 2788 1837 2854 Luculli
1892 2788 2216 2854 institutis
2272 2811 2405 2853 ser·
2454 2776 2479 2806 ⁰
2538 2843 2540 2854 .

386 2878 614 2942 vandis
645 2881 712 2942 et
748 2877 934 2961 quasi
969 2877 1266 2961 vestigiis
1303 2877 1779 2963 persequendis.
1844 2874 1968 2941 Sed
2002 2877 2125 2942 etsi
2162 2897 2467 2961 magna
2429 2899 2473 2938 30

388 2988 533 3031 cum
567 2965 854 3030 utilitate
889 2965 985 3029 rei
1019 2965 1333 3049 publicae,
1369 2970 1591 3030 tamen
1626 2965 1885 3048 diutius,
1922 2986 2117 3048 quam
2155 2964 2403 3045 vellem,

385 3058 573 3119 tanta
626 3054 724 3118 vis
779 3053 1040 3117 virtutis
1097 3056 1287 3136 atque
1342 3054 1589 3138 ingenii
1641 3053 2051 3138 peregrinata
2096 3051 2265 3116 afuit
2320 3053 2401 3118 ab

388 3143 592 3208 oculis
649 3145 715 3205 et
765 3141 896 3206 fori
951 3144 1016 3205 et
1070 3141 1301 3205 curiae.
1402 3141 1571 3219 Quin
1620 3142 1841 3225 etiam,
1894 3162 2039 3205 cum
2093 3140 2305 3205 victor
2366 3163 2405 3205 a
2528 3201 2530 3206 .

385 3229 826 3295 Mithridatico
901 3229 1073 3294 bello
1145 3230 1541 3312 revertisset,
1603 3229 2010 3293 inimicorum
2074 3228 2403 3294 calumnia

385 3316 664 3382 triennio
736 3317 980 3382 tardius
1054 3338 1246 3401 quam
1320 3317 1628 3381 debuerat
1697 3316 2144 3399 triumphavit.
2258 3315 2400 3382 Nos
2426 3337 2467 3377 35

389 3405 559 3469 enim
617 3405 908 3469 consules
966 3403 1438 3468 introduximus
1504 3425 1713 3487 paene
1757 3403 1826 3467 in
1870 3404 2095 3469 urbem
2143 3425 2399 3468 currum

387 3493 730 3558 clarissimi
765 3492 918 3576 viri3
959 3493 1138 3556 cuius
1177 3491 1341 3555 mihi
1379 3491 1718 3556 consilium
1756 3494 1822 3555 et
1859 3493 2211 3557 auctoritas
2249 3492 2400 3577 quid

306 3809 408 3823 Q-.
