2609 3884
688 147 920 204 L113.V.
979 146 1133 202 CAP.
1171 153 1416 203 20-23.
1472 153 1504 214 s
1540 155 1783 206 59—64.
2113 151 2244 215 447

229 309 459 375 beatus
505 310 717 375 nollet
763 331 920 375 esse.
994 307 1249 375 Satisne
1296 309 1551 375 videtur
1596 309 1958 375 declarasse
2002 311 2248 396 Diony-

228 398 363 500 sius
417 397 586 462 nihil
641 419 780 465 esse
836 398 895 462 ei
959 398 1250 500 beatum,
1268 485 1282 499 .
1306 398 1406 462 cui
1465 418 1717 480 semper
1743 485 1756 500 ·
1777 398 1979 483 aliqui
2039 401 2252 466 terror

224 508 361 640 1:31²
366 485 692 638 3333&
737 484 1207 660 ffigrssseff
1230 486 1914 638 caessssffibffilzffi
1956 508 2066 639 ⁶3?
2066 490 2097 551 ¹⁵
2105 492 2251 640 {122²ss

166 685 195 727 ο
224 662 545 746 redderet3
600 662 684 726 iis
740 662 913 726 enim
970 683 1037 726 se
1084 661 1455 726 adulescens
1511 660 1852 744 inprovida
1896 665 2111 727 aetate
2156 663 2250 727 in·

223 749 492 814 retierat
538 749 768 814 erratis
815 771 1013 833 eaque
1060 750 1498 832 commiserat,
1550 753 1626 814 ut
1670 750 1887 814 salvus
1935 771 2077 815 esse
2120 772 2252 816 non

223 840 471 921 posset,
518 837 575 902 si
618 859 815 902 sanus
860 858 999 902 esse
1047 838 1385 921 coepisset.

360 925 773 1009 Quantopere
809 946 963 991 vero
1005 925 1327 990 amicitias
1375 925 1791 1009 desideraret,
1837 948 2108 1011 quarum
2153 927 2246 991 in·
2267 903 2354 966 22

222 1013 624 1078 fidelitatem·
688 1012 1174 1096 extimescebat,
1256 1013 1630 1078 declaravit·
1681 1013 1750 1079 in
1824 1013 2247 1098 Pythagoriis

139 1126 197 1167 ιο
226 1102 477 1167 duobus
530 1101 664 1167 illis
674 1151 692 1184 ,
747 1123 1020 1184 quorum
1067 1123 1213 1165 cum
1260 1101 1539 1166 alterum
1584 1101 1812 1166 vadem
1865 1103 2095 1166 mortis
2144 1124 2248 1168 ac-

223 1190 529 1275 cepisset,
602 1189 793 1272 alter,
864 1192 938 1252 ut
1010 1189 1237 1254 vadem
1312 1203 1499 1262 suum
1569 1189 1906 1273 liberaret,
1986 1194 2248 1272 praesto

222 1277 454 1343 fuisset
500 1276 582 1342 ad
626 1278 855 1343 horam
900 1277 1128 1341 mortis
1177 1276 1594 1360 destinatam,
1655 1275 2002 1343 ‘Utinam
2049 1277 2248 1362 ego'‚

220 1365 461 1450 inquit,
498 1364 813 1430 ‘tertius
852 1365 1069 1429 vobis
1108 1365 1398 1429 amicus
1438 1363 1980 1429 adscribererl'
2038 1364 2248 1441 Quam

220 1453 373 1519 huic
450 1457 590 1518 erat
664 1453 972 1518 miserum
1045 1451 1259 1517 car'ere
1345 1452 1803 1517 consuetudine
1877 1453 2249 1537 amicorum,

141 1564 193 1608 ιε
225 1541 535 1608 societate
597 1541 836 1624 victus,
910 1561 1201 1605 sermone
1266 1541 1531 1605 omnino
1595 1539 1934 1625 familiari,
1995 1541 2248 1606 homini

221 1629 607 1713 praesertim
650 1629 840 1694 docto
889 1650 929 1693 a
972 1649 1173 1713 puero
1221 1631 1288 1692 et
1333 1629 1580 1693 artibus
1625 1628 1925 1713 ingenuis
1970 1629 2247 1694 erudito!

221 1717 622 1783 Musicorum
686 1739 838 1783 vero
897 1716 1400 1801 perstudiosum,
1461 1718 1721 1800 poetam
1787 1717 1984 1781 etiam
2047 1717 2247 1801 tragi-

224 1827 371 1871 cum
414 1802 638 1892 (quam
673 1806 944 1889 bonum,
987 1804 1152 1869 nihil
1192 1804 1273 1869 ad
1308 1826 1473 1887 rem3
1518 1805 1587 1869 in
1631 1805 1757 1869 hoc
1792 1805 1968 1869 enim
2010 1824 2247 1890 genere

222 1893 443 1959 nescio
499 1915 627 1977 quo
681 1896 872 1977 pacto
928 1892 1137 1978 magis
1197 1914 1392 1977 quam
1447 1891 1518 1957 in
1573 1892 1718 1956 aliis
1775 1914 1961 1958 suum
2020 1895 2248 1977 cuique

140 2005 196 2047 so
222 1981 570 2066 pulchrum
624 1983 741 2045 est.
838 1979 1069 2046 Adhuc
1123 1981 1450 2045 neminem
1503 1981 1776 2065 cognovi
1830 1984 2091 2065 poetam
2151 1977 2250 2066 (et

222 2069 387 2135 mihi
446 2067 571 2132 fuit
625 2089 770 2132 cum
823 2066 1107 2153 Aquinio
1157 2066 1501 2155 amicitia),
1557 2069 1667 2152 qui
1715 2069 1841 2132 sibi
1885 2091 2018 2134 non
2062 2071 2247 2152 optu-

39 2189 41 2198 ·
222 2180 372 2222 mus
407 2155 751 2221 videretur.
824 2153 929 2220 Sic
967 2178 1035 2221 se
1072 2178 1175 2220 res
1219 2155 1444 2221 habet:
1494 2159 1560 2220 te
1597 2159 1738 2240 tua,
1783 2178 1887 2221 me
1924 2157 2250 2221 delectant

39 2203 41 2291 l
223 2243 398 2330 mea)
448 2280 525 2290 —
579 2243 690 2308 sed
744 2245 818 2306 ut
865 2243 946 2307 ad
990 2243 1380 2328 Dionysium
1425 2243 1787 2328 redeamus,
1843 2245 2022 2310 omni
2066 2245 2247 2310 cultu

226 2338 292 2399 et
334 2332 511 2398 victu
554 2331 841 2396 humano
889 2332 1173 2422 carebat3
1224 2333 1486 2398 vivebat
1531 2354 1675 2397 cum
1720 2332 2018 2416 fugitivis
2028 2383 2046 2416 ,
2102 2353 2249 2396 cum

143 2445 197 2486 25
224 2420 634 2504 facinerosis,
678 2440 825 2485 cum
870 2419 1193 2501 barbaris3
1238 2421 1590 2503 neminem,
1634 2420 1747 2504 qui
1788 2423 1903 2483 aut
1945 2419 2248 2482 libertate

226 2511 462 2593 dignus
502 2511 674 2573 esset
712 2510 827 2572 aut
861 2506 1059 2571 vellet
1095 2506 1358 2570 omnino
1395 2507 1564 2571 liber
1599 2527 1760 2589 esse,
1806 2506 1932 2570 sibi
1972 2506 2249 2569 amicum

227 2596 688 2662 arbitrabatur.

357 2682 511 2749 Non
564 2703 685 2768 ego
738 2682 873 2747 iam
926 2704 1071 2747 cum
1122 2681 1316 2746 huius
1369 2682 1532 2765 vita,
1597 2702 1724 2765 qua
1777 2680 2076 2763 taetrius,
2130 2679 2246 2744 mi·
2267 2658 2354 2723 23

227 2773 465 2855 serius,
510 2770 959 2835 detestabilius
998 2770 1366 2854 excogitare
1401 2768 1569 2832 nihil
1613 2789 1908 2852 possum,
1952 2767 2246 2834 Platonis

144 2883 200 2926 so
227 2865 340 2926 aut
393 2859 717 2944 Archytae
772 2859 980 2923 vitam
1032 2857 1454 2942 comparabo,
1513 2857 1851 2922 doctorum
1910 2855 2247 2922 hominum

229 2952 295 3013 et
338 2949 533 3032 plane
580 2947 997 3032 sapientium3
1044 2968 1123 3011 ex
1169 2946 1394 3011 eadem
1429 2945 1588 3009 urbe
1626 2943 1939 3008 humilem
1975 2944 2246 3009 homun-

227 3037 445 3101 culum
499 3059 539 3100 a
589 3036 851 3120 pulvere
899 3038 965 3100 et
1016 3035 1196 3100 radio
1256 3033 1550 3098 excitabo
1559 3083 1578 3116 ,
1632 3032 1742 3116 qui
1794 3032 2015 3097 multis
2063 3033 2247 3098 annis

224 3126 379 3208 post
414 3123 558 3207 fuit,
591 3122 1061 3189 Archimedem.
1137 3119 1334 3188 Cuius
1377 3141 1495 3206 ego
1534 3123 1836 3205 quaestor
1871 3121 2246 3206 ignoratum

227 3213 308 3277 ab
358 3209 802 3296 Syracusanis,
862 3233 1008 3277 cum
1055 3232 1194 3276 esse
1241 3210 1502 3275 omnino
1549 3211 1889 3294 negarent,
1949 3210 2247 3290 saeptum

145 3323 197 3365 ³5
225 3300 505 3384 undique
552 3301 621 3364 et
661 3299 971 3364 vestitum
1007 3298 1312 3384 vepribus
1360 3301 1426 3362 et
1469 3298 1748 3362 dumetis
1796 3295 2102 3380 indagavi
2148 3316 2246 3358 se-

226 3389 538 3470 pulcrum.
634 3387 962 3452 Tenebam
1027 3388 1201 3452 enim
1267 3386 1584 3472 quosdam
1639 3383 2019 3461 senariolos„
2083 3403 2245 3466 quos

226 3476 296 3540 in
360 3476 496 3541 eius
558 3477 975 3542 monumento
1042 3497 1182 3542 esse
1244 3474 1592 3558 inscriptos
1662 3491 2061 3554 acceperam,
2133 3470 2248 3554 qui

2286 981 2354 1030 6³

2285 2737 2354 2786 64
