2609 3884
403 150 492 216 50
934 146 1523 230 ACADEMICORUM
1558 145 1895 201 PRIORUM

401 333 474 376 re
528 310 792 395 publica
847 310 1271 393 disceptatur,
1328 307 1467 372 fieri
1519 307 1841 372 interdum
1896 307 2087 386 solet,
2142 306 2426 372 iurarem

259 415 270 425 ⁰
404 420 521 483 per
563 397 782 464 Iovem
839 398 1118 481 deosque
1173 399 1443 480 penates
1489 417 1592 459 me
1638 398 1705 460 et
1749 397 1970 460 ardere
2027 394 2245 460 studio
2291 395 2429 460 veri

299 499 368 548 66
403 487 764 569 reperiendi
829 490 895 551 et
958 507 1035 550 ea
1097 485 1361 567 sentire,
1426 505 1589 567 quae
1653 483 1946 548 dicerem.
2064 482 2191 558 Qui
2258 483 2431 547 enim

405 597 673 660 possum
718 596 852 639 non
896 594 1128 656 cupere
1171 592 1397 636 verum
1441 571 1753 654 invenire,
1798 592 1944 640 cum
1989 570 2329 655 gaudeam,
2376 570 2432 634 si

407 664 617 728 simile
653 662 789 727 veri
826 661 980 745 quid
1015 659 1416 726 invenerim?
1476 657 1617 743 Sed,
1656 664 1730 724 ut
1760 658 1884 725 hoc
1919 658 2432 742 pulcherrimum
2456 681 2484 722 ⁵

405 773 547 816 esse
591 749 831 832 iudico,
885 769 1038 814 vera
1092 747 1337 830 videre,
1389 747 1482 811 sic
1534 769 1653 830 pro
1708 747 1875 811 veris
1929 747 2204 830 probare
2264 745 2436 810 falsa

405 838 857 922 turpissimum
911 840 1029 902 est.
1108 833 1267 901 ·Nec
1320 839 1543 899 tamen
1597 856 1719 920 ego
1767 834 1825 899 is
1880 856 2051 918 sum,
2103 835 2219 918 qui
2264 834 2436 898 nihil

405 948 716 1010 umquam
759 924 915 989 falsi
953 923 1333 1007 adprobem,
1381 923 1493 1006 qui
1527 944 1881 1007 numquam
1925 921 2278 1007 adsentiar,
2326 922 2436 1005 qui

401 1014 570 1080 nihil
625 1013 876 1096 opiner3
939 1012 1048 1077 sed
1103 1012 1471 1096 quaerimus
1527 1010 1603 1075 de
1661 1011 1972 1094 sapiente.
2070 1009 2220 1094 Ego
2280 1031 2435 1074 vero

404 1102 545 1185 ipse
592 1104 659 1164 et
702 1120 977 1184 magnus
1025 1100 1283 1183 quidem
1328 1121 1471 1164 sum
1516 1099 1821 1181 opinator
1864 1095 2025 1182 (non
2064 1099 2239 1162 enim
2289 1119 2435 1162 sum
2460 1120 2516 1160 ιο

406 1186 691 1273 sapiens)
737 1192 805 1252 et
839 1210 1014 1253 meas
1061 1187 1487 1272 cogitationes
1524 1187 1617 1251 sic
1662 1186 1906 1271 derigo,
1948 1206 2083 1250 non
2119 1186 2204 1250 ad
2246 1185 2437 1250 illam

406 1277 745 1360 parvulam
793 1273 1229 1360 Cynosuram,

445 1382 606 1459 Qua
647 1381 909 1446 fidunt
955 1381 1136 1445 duce
1180 1383 1558 1448 nocturna
1600 1379 2030 1444 Phoenices
2074 1377 2155 1442 in
2202 1377 2404 1461 alt0,

407 1500 484 1650 pt
533 1496 634 1649 aiiiz⁵
675 1496 947 1580 Aratus,
1005 1516 1206 1578 eoque
1257 1494 1571 1559 derectius
1622 1493 2012 1578 gubernant,
2067 1491 2241 1576 quod
2290 1513 2436 1556 eam

441 1606 604 1650 enen
644 1633 665 1670 ,
2460 1605 2511 1646 15

409 1691 649 1768 ·Quae
697 1711 922 1755 cursu
967 1689 1351 1766 interiore
1397 1686 1613 1752 brevi
1660 1685 2148 1751 convertitur
2198 1685 2411 1769 orbe,

409 1804 523 1870 sed
550 1802 822 1868 Helicen
849 1807 917 1868 et
943 1802 1341 1867 clarissimos
1363 1799 1886 1884 septemtrioneS,
1910 1798 1979 1862 id
2012 1802 2113 1863 est
2138 1798 2435 1864 rationes

408 1892 529 1957 has
582 1892 814 1956 latiore
851 1891 1090 1974 specie,
1134 1912 1267 1955 non
1302 1889 1384 1954 ad
1436 1893 1630 1953 tenue
1668 1888 1982 1952 elimatas.
2056 1885 2157 1951 Eo
2204 1887 2281 1950 fit
2360 1889 2437 1950 ut

411 2000 618 2044 errem
664 1982 731 2043 et
773 1999 972 2063 vager
1014 1977 1231 2044 latius.
1319 1975 1445 2042 Sed
1495 1997 1628 2040 non
1683 1975 1760 2040 de
1806 1997 1933 2059 me,
1991 1978 2066 2039 ut
2110 1967 2272 2058 effi„
2321 1967 2437 2039 sed

339 2143 347 2151 ἱ
411 2067 490 2131 de
545 2065 838 2150 sapiente
903 2066 1250 2150 quaeritur.
1349 2064 1513 2129 Visa
1568 2063 1739 2127 enim
1801 2062 1932 2128 ista
1986 2084 2133 2128 cum
2196 2061 2437 2126 acriter
2463 2089 2512 2128 20
2574 2101 2576 2106 ·

411 2158 720 2219 mentem·
734 2173 1074 2218 sensumve
1108 2154 1531 2237 pepulerunt,
1566 2150 1813 2235 accipio
1856 2151 2066 2236 iisque
2102 2150 2435 2238 interdum

413 2242 610 2306 etiam
665 2241 991 2307 adsentior
1040 2263 1160 2307 nec
1213 2239 1501 2324 percipio
1566 2243 1811 2320 tamen3
1860 2238 2026 2304 nihil
2091 2238 2265 2303 enim
2334 2261 2435 2302 ar-

411 2329 620 2394 bitror
664 2351 854 2413 posse
899 2329 1161 2413 percipi.
1261 2327 1416 2394 Non
1468 2349 1611 2392 sum
1658 2326 1945 2410 sapiens3
2002 2326 2223 2410 itaque
2268 2325 2435 2391 visis

413 2418 566 2482 cedo
620 2439 829 2502 neque
885 2438 1151 2500 possum
1193 2415 1515 2480 resistere.
1606 2411 1932 2498 Sapientis
1988 2417 2206 2479 autem
2259 2414 2434 2478 hanc

413 2509 634 2571 censet
666 2505 993 2571 Arcesilas
1030 2504 1165 2570 vim
1200 2525 1341 2568 esse
1377 2502 1726 2566 maximam
1763 2500 2005 2567 Zenoni
2042 2501 2432 2585 adsentiens,
2462 2529 2511 2568 25

413 2615 662 2678 cavere,
723 2615 805 2658 ne
868 2591 1187 2677 capiatur,
1248 2612 1331 2655 ne
1393 2590 1658 2655 fallatur
1664 2639 1682 2673 ,
1744 2589 1977 2654 videre.
2082 2589 2268 2655 Nihil
2332 2594 2436 2654 est

414 2681 586 2746 enim
630 2681 713 2747 ab
760 2703 837 2745 ea
889 2680 1310 2765 cogitatione,
1364 2700 1559 2762 quam
1603 2677 1917 2743 habemus
1972 2677 2049 2741 de
2107 2677 2435 2762 gravitate

274 2777 295 2817 Γ
415 2767 727 2851 sapientis
741 2817 761 2851 ,
797 2790 1037 2850 errore,
1072 2767 1367 2850 levitate,
1408 2765 1775 2831 temeritate
1814 2765 2181 2830 diiunctius.
2263 2763 2435 2841 Quid

412 2854 618 2939 igitur
678 2856 906 2938 loquar
968 2855 1045 2919 de
1108 2854 1415 2918 firmitate
1480 2853 1791 2937 sapientis
1805 2853 1839 2917 ⁴?
1918 2874 2109 2937 quem
2172 2853 2431 2937 quidem

413 2941 579 3006 nihil
642 2941 897 3024 opinari
956 2945 1030 3006 tu
1094 2963 1373 3027 quoque,
1444 2940 1736 3026 Luculle,
1805 2941 2167 3006 concedis.'
2246 2938 2431 3016 Quod
2456 2967 2509 3007 eo
2575 2965 2576 3018 ;

415 3028 720 3113 quoniam
775 3051 815 3092 a
869 3033 936 3093 te
992 3029 1308 3112 probatur
1351 3026 1453 3114 (ut
1495 3032 1912 3113 praepostere
1956 3031 2170 3094 tecum
2216 3049 2433 3114 agam3
2575 3027 2576 3088 ἰ

415 3138 567 3181 mox
628 3117 905 3181 referam
966 3138 1070 3181 me
1133 3117 1216 3180 ad
1279 3115 1624 3202 ordinem),
1695 3117 1857 3182 haec
1924 3117 2213 3201 primum
2284 3138 2431 3182 con-

311 3184 392 3308 671
417 3203 618 3269 clusio
692 3227 884 3290 quam
951 3205 1226 3270 habeat·
1255 3205 1421 3288 vim,
1502 3205 1871 3270 considera:
1973 3203 2078 3270 ‘Si
2148 3205 2267 3268 ulli
2334 3205 2432 3269 rei

418 3292 674 3374 sapiens
723 3293 1121 3358 adsentietur
1164 3313 1499 3375 umquam,
1556 3292 1900 3376 aliquando
1957 3292 2154 3356 etiam
2211 3292 2433 3377 opina-

416 3378 619 3461 bitu13
680 3401 1030 3464 numquam
1095 3383 1315 3444 autem
1374 3379 1770 3463 opinabitur3
1841 3379 2009 3443 nulli
2071 3379 2276 3463 igitur
2334 3380 2434 3444 rei
2458 3406 2504 3447 3³

419 3466 855 3532 adsentietur?
942 3467 1130 3532 Hanc
1183 3466 1661 3542 conclusionem
1701 3465 2029 3531 Arcesilas
2080 3467 2433 3551 probabat,
