2609 3884
421 138 550 203 116
745 136 843 191 DE
879 133 1172 190 FINIBUS
1206 131 1569 189 BONORUM
1602 131 1699 187 ΕΤ
1734 129 2100 186 MALORUM

414 322 535 366 nec
607 298 688 363 ad
760 295 1158 363 commodius
1233 293 1674 360 disserendum
1745 292 1897 359 vim.
1980 291 2083 356 -In
2144 290 2440 375 physicis

416 388 767 473 plurimum
830 385 1066 470 posuit.
1171 383 1274 449 Ea
1337 382 1609 448 scientia
1672 384 1739 447 et
1802 381 2148 447 verborum
2207 380 2309 445 vis
2376 383 2441 444 et

415 482 652 542 natura
722 473 1036 539 orationis
1109 474 1176 537 et
1246 470 1775 555 consequentium
1854 468 2441 553 repugnantiumve

415 565 586 629 ratio
652 566 872 647 potest
931 560 1240 646 perspici3
1303 560 1592 624 omnium
1650 562 1866 623 autem
1926 579 2143 622 rerum
2203 561 2444 621 natura

419 653 678 738 cognita
719 651 1011 716 levamur
1056 648 1539 733 superstitione,
1582 647 1937 712 liberamur
1974 646 2203 711 mortis
2241 648 2443 727 metu,
2470 672 2494 711 5

417 762 551 805 non
587 739 1048 805 conturbamur
1082 736 1491 822 ignoratione
1535 757 1775 818 rerum,
1820 756 1855 799 0
1897 756 2021 819 qua
2056 735 2203 817 ipsa
2234 733 2443 798 horri-

417 828 582 893 biles
621 828 942 892 exsistunt
983 846 1176 909 saepe
1211 823 1617 907 formidines3
1660 823 1930 907 denique
1967 823 2164 887 etiam
2201 822 2444 887 morati

418 916 649 981 melius
687 915 952 997 erimus,
987 935 1134 979 cum
1170 912 1609 994 didicerimus,
1644 910 1801 996 quid
1832 913 2070 976 natura
2104 910 2445 976 desideret.

420 1004 589 1069 'Pum
650 1024 832 1087 ver0,
897 1003 952 1067 si
1015 1000 1317 1067 stabilem
1380 1000 1720 1065 scientiam
1782 1019 1999 1064 rerum
2058 999 2444 1078 tenebimus,
2574 1020 2576 1035 ²

423 1094 680 1157 servata
715 1091 858 1173 illa,
904 1110 1068 1174 quae
1105 1089 1292 1174 quasi
1330 1089 1595 1173 delapsa
1635 1088 1712 1153 de
1750 1089 1929 1153 caelo
1968 1091 2069 1151 est
2105 1087 2186 1153 ad
2223 1088 2445 1172 cogni·
2475 1116 2521 1152 10

419 1182 666 1244 tionem
703 1178 1015 1260 omnium,
1051 1178 1304 1263 regula,
1352 1176 1434 1241 ad
1470 1198 1663 1262 quam
1701 1176 1921 1241 omnia
1954 1175 2191 1240 iudicia
2226 1198 2447 1241 rerum

421 1268 816 1353 derigentur,
877 1288 1231 1351 numquam
1294 1264 1494 1330 ullius
1558 1264 1851 1329 oratione
1904 1264 2061 1329 victi
2120 1265 2448 1329 sententia

317 1370 386 1419 64
423 1356 826 1421 desistemus.
912 1354 1063 1421 Nisi
1107 1358 1324 1418 autem
1368 1375 1585 1419 rerum
1627 1357 1863 1418 natura
1914 1356 2260 1436 perspecta
2303 1353 2450 1437 erit,

419 1445 597 1509 nullo
679 1441 869 1509 modo
951 1443 1306 1527 poterimus
1390 1463 1693 1507 sensuum
1777 1441 2015 1506 iudicia
2085 1439 2448 1507 defendere.

421 1531 742 1617 Quicquid
793 1552 991 1615 porro
1056 1530 1270 1595 animo
1337 1530 1685 1621 cernimus,
1747 1528 1817 1593 id
1881 1550 2071 1595 omne
2134 1529 2343 1595 oritur
2409 1553 2451 1595 a
2476 1556 2524 1597 15

370 1629 374 1633 '
423 1620 749 1703 sensibus3
810 1620 920 1704 qui
975 1619 1034 1683 si
1088 1640 1312 1684 omnes
1368 1618 1504 1684 veri
1558 1621 1773 1702 erunt,
1826 1621 1913 1683 ut
1952 1617 2218 1701 Epicuri
2276 1619 2447 1684 ratio

421 1709 632 1792 docet,
676 1711 820 1772 tum
857 1706 1131 1792 denique
1166 1708 1415 1791 poterit
1448 1705 1691 1790 aliquid
1730 1706 2036 1793 cognosci
2072 1710 2139 1770 et
2182 1707 2447 1791 percipi.

423 1797 598 1873 Quos
663 1796 776 1882 qui
843 1796 1088 1861 tollunt
1159 1800 1224 1861 et
1289 1794 1460 1859 nihil
1522 1815 1715 1878 posse
1777 1794 2023 1878 percipi
2088 1793 2336 1879 dicunt,
2398 1796 2448 1860 ii

421 1884 690 1949 remotis
728 1884 1022 1949 sensibus
1057 1904 1142 1948 ne
1178 1883 1246 1947 id
1280 1884 1498 1967 ipsum
1534 1883 1789 1967 quidem
1818 1882 2119 1967 expedire
2150 1888 2449 1968 possunt,

424 1973 594 2058 quod
622 1972 963 2037 disserunt.
1015 1970 1362 2036 Praeterea
1396 1972 1656 2037 sublata
1682 1971 2049 2056 cognitione
2078 1974 2145 2037 et
2172 1972 2450 2037 scientia
2472 2000 2522 2038 πο

422 2060 676 2125 tollitur
713 2059 924 2125 omnis
968 2060 1137 2125 ratio
1185 2063 1252 2124 et
1287 2060 1462 2125 vitae
1501 2058 1824 2144 degendae
1866 2063 1931 2123 et
1966 2081 2182 2124 rerum
2218 2081 2447 2146 geren·
2580 2124 2582 2135 ,

424 2149 668 2213 darum.
777 2145 883 2213 Sic
946 2169 981 2212 e
1035 2148 1331 2233 physicis
1387 2152 1453 2212 et
1514 2147 1827 2213 fortitudo
1884 2149 2161 2213 sumitur
2220 2154 2448 2215 contra

423 2237 653 2302 mortis
697 2236 1000 2302 timorem
1047 2241 1113 2302 et
1157 2234 1528 2302 constantia
1563 2239 1791 2302 contra
1826 2239 2072 2301 metum
2106 2236 2446 2322 religionis

423 2328 490 2389 et
526 2324 774 2389 sedatio
804 2324 1008 2389 animi
1043 2325 1326 2389 omnium
1359 2346 1573 2390 rerum
1602 2324 2000 2390 occultarum
2033 2324 2447 2415 ignoratione

423 2413 681 2477 sublata
727 2415 792 2477 et
828 2412 1187 2478 moderatio
1232 2416 1471 2479 natura
1507 2413 1933 2497 cupiditatum
1964 2414 2446 2500 generibusque
2472 2441 2521 2481 25

423 2522 644 2566 earum
683 2501 1039 2585 explicatis,
1076 2503 1160 2585 et,
1209 2505 1286 2566 ut
1321 2502 1511 2566 modo
1549 2500 1754 2584 docui,
1792 2501 2183 2586 cognitionis
2222 2504 2447 2588 regula

423 2593 491 2654 et
523 2589 762 2741 idudicio
801 2589 884 2654 ab
924 2590 1148 2655 eodem
1167 2589 1281 2654 illo
1312 2589 1665 2655 constituto
1685 2589 1884 2655 veria
1908 2590 2081 2655 falso
2110 2590 2445 2657 distinctio

423 2681 529 2742 tra
572 2678 720 2742 itur.

553 2764 787 2829 Restat
856 2766 1036 2831 locus
1107 2766 1258 2831 huic
1331 2766 1758 2851 disputationi
1828 2767 1929 2831 vel
1992 2765 2273 2833 maxime
2339 2790 2446 2833 ne·

424 2854 740 2919 cessarius
787 2851 868 2917 de
914 2854 1229 2938 amicitia,
1275 2876 1495 2939 quam,
1544 2856 1600 2919 si
1635 2854 1938 2938 voluptas
1987 2877 2315 2919 summum
2362 2857 2448 2920 sit
2470 2882 2522 2923 so

421 2940 690 3025 bonum,
737 2938 1081 3007 affirmatis
1125 2942 1375 3008 nullam
1422 2942 1686 3009 omnino
1729 2942 1888 3007 fore.
1974 2940 2073 3007 De
2120 2965 2250 3027 qua
2288 2944 2446 3029 Epi-

421 3050 613 3094 curus
662 3029 921 3114 quidcm
957 3030 1054 3094 ita
1089 3030 1272 3114 dicit,
1320 3031 1606 3095 omnium
1642 3052 1888 3112 rerum,
1933 3052 2091 3115 quas
2130 3031 2213 3095 ad
2254 3032 2447 3097 beate

419 3116 767 3182 vivendum
831 3117 1153 3200 sapientia
1216 3118 1717 3203 comparaverit,
1788 3118 1957 3183 nihil
2020 3140 2161 3185 0000
2234 3123 2446 3185 maius

422 3205 734 3288 amicitia,
779 3203 944 3268 nihil
979 3205 1270 3291 uberius,
1314 3208 1480 3272 nihil
1512 3207 1874 3273 iucundius.
1952 3204 2018 3271 N
2019 3228 2093 3273 ec
2126 3229 2281 3273 vero
2322 3209 2447 3275 hoc

422 3294 713 3357 oratione
777 3290 1018 3377 solum,
1082 3293 1193 3359 sed
1255 3294 1462 3360 multo
1526 3294 1735 3380 magis
1799 3295 1937 3361 vita
2000 3300 2067 3361 et
2127 3295 2323 3361 factis
2382 3301 2447 3361 et
2469 3320 2520 3363 ³5

421 3380 713 3443 moribus
751 3382 1217 3464 comprobavit.
1299 3383 1486 3459 Quod
1522 3405 1717 3467 quam
1756 3403 2065 3469 magnum
2103 3384 2207 3468 sit,
2253 3385 2445 3449 fictae

421 3470 710 3532 veterum
747 3467 1008 3534 fabulae
1048 3470 1404 3555 declarant,
1448 3471 1517 3535 in
1562 3471 1795 3556 quibus
1841 3474 1979 3537 tam
2015 3471 2235 3537 multis
2276 3476 2444 3538 tam-

318 2734 404 2861 ἓξ)
