2609 3884
368 184 497 249 136
692 184 789 240 DE
827 185 1115 240 FINIBUS
1151 183 1514 239 BONORUM
1547 183 1644 238 ΕΤ
1681 183 2049 239 MALORUM

362 347 483 411 illa
518 346 774 431 quidem
812 347 1165 430 depravata
1198 346 1375 410 mala
1410 345 1777 429 disciplina,
1824 345 1938 410 sed
1971 347 2207 410 natura
2253 366 2386 409 808

363 435 430 499 N
432 456 502 499 ec
563 457 715 500 vero
779 438 855 499 ut
916 435 1323 519 voluptatem
1377 436 1661 518 expetat,
1714 437 1951 499 natura
2013 435 2228 498 movet
2288 433 2384 496 in-

364 523 643 606 fantem,
698 524 809 588 sed
861 526 1120 588 tantum
1174 526 1250 588 ut
1302 543 1371 586 se
1425 523 1566 623 ipse
1623 522 1878 607 diligat,
1931 525 2008 586 ut
2058 521 2386 605 integrum

368 633 438 676 se
493 612 868 696 salvumque
920 611 1095 676 velit.
1202 608 1409 675 Omne
1463 609 1635 675 enim
1695 610 1961 694 animal,
2025 609 2219 673 simul
2287 613 2387 673 est

366 703 609 800 ortum,
683 703 750 764 et
821 721 889 764 se
959 699 1175 782 ipsum
1239 701 1306 762 et
1369 720 1590 762 omnes
1664 703 1881 782 partes
1954 719 2108 763 suas
2173 696 2387 781 diligit
2413 723 2442 764 5

366 771 681 888 duasque,
734 809 898 872 quae
952 787 1271 851 maximae
1329 789 1505 870 sunt,
1557 787 1629 851 in
1682 787 1912 870 primis
1958 784 2387 869 amplectitur,

368 877 659 941 animum
726 880 792 940 et
856 896 1117 977 corpus,
1184 875 1411 939 deinde
1473 875 1808 958 utriusque
1871 876 2108 958 partes,
2215 872 2386 937 Nam

368 966 521 1028 sunt
575 965 641 1027 et
692 964 764 1028 in
818 964 1033 1028 animo
1090 963 1440 1046 praecipua
1495 963 1810 1047 quaedam
1865 966 1931 1026 et
1981 962 2052 1027 in
2102 983 2389 1044 corpore,
2593 956 2595 1048 1

368 1073 533 1136 quae
589 1073 735 1116 cum
787 1051 1018 1116 leviter
1075 1053 1368 1136 agnovit,
1425 1053 1568 1115 tum
1614 1051 1972 1115 discernere
2015 1049 2270 1134 incipit,
2313 1052 2388 1112 ut
2593 1053 2595 1078 ¹

368 1161 471 1223 ea,
516 1160 681 1223 quae
725 1140 939 1223 prima
983 1139 1136 1203 data
1180 1140 1314 1204 sint
1355 1143 1614 1224 natura,
1671 1143 1937 1223 appetat
1982 1141 2386 1222 aspernetur·
2417 1165 2473 1204 10

260 1247 333 1296 34
369 1248 492 1311 que
556 1227 900 1292 contraria.
1007 1227 1084 1292 In
1146 1227 1251 1292 his
1314 1227 1543 1310 primis
1608 1228 2016 1292 naturalibus
2087 1227 2388 1310 voluptas

367 1315 527 1379 insit
577 1336 804 1400 necne,
857 1335 1098 1399 magna
1152 1317 1448 1400 quaestio
1505 1317 1621 1380 est.
1718 1315 1904 1380 Nihil
1956 1336 2108 1380 vero
2158 1318 2388 1398 putare

368 1424 509 1468 8888
563 1406 822 1487 praeter
881 1405 1312 1488 voluptatem,
1374 1425 1508 1469 non
1570 1404 1888 1488 membra,
1949 1425 2082 1468 non
2147 1425 2389 1485 sensus,

365 1513 499 1556 non
550 1492 798 1575 ingenii
850 1496 1129 1576 motum,
1187 1514 1322 1557 non
1373 1492 1816 1576 integritatem
1879 1491 2193 1576 corporiS,
2256 1512 2389 1555 non

366 1580 832 1665 valetudinem,
886 1602 1175 1645 8011111188
1229 1579 1394 1645 mihi
1445 1581 1701 1645 videtur
1760 1580 2072 1645 inscitiae.
2173 1578 2389 1663 Atque
2418 1605 2476 1645 15

368 1668 452 1733 ab
515 1669 644 1766 isto
710 1670 919 1752 capite
983 1669 1180 1733 fluere
1248 1689 1507 1732 11808888
1573 1672 1673 1732 est
1743 1690 1998 1733 omnem
2069 1669 2389 1733 rationem

367 1755 685 1823 bono'rum
732 1760 797 1821 et
839 1758 1180 1822 malorum.
1267 1755 1606 1822 Polemoni
1651 1759 1718 1820 et
1760 1757 1894 1820 iam
1939 1759 2089 1820 ante
2135 1755 2387 1821 Aristo-

366 1845 485 1909 teli
530 1867 607 1910 88
650 1845 863 1928 prima
908 1845 1051 1910 visa
1096 1848 1275 1928 sunt,
1322 1866 1485 1929 quae
1531 1844 1725 1928 paulo
1775 1848 1924 1909 ante
1971 1844 2122 1908 dixi.
2211 1843 2388 1928 Ergo

367 1936 526 1997 nata
581 1937 680 1997 est
735 1934 1056 1998 sententia
1103 1936 1394 1999 veterum
1440 1933 1973 1998 Academicorum
2019 1935 2085 1997 et
2129 1932 2388 2015 Peripa-

366 2021 736 2104 teticorum,
789 2025 866 2085 ut
916 2022 1110 2086 finem
1163 2022 1484 2086 bonorum
1538 2021 1824 2086 dicerent
1877 2020 2225 2086 secundum
2279 2042 2389 2084 na·
2419 2048 2478 2088 20

367 2112 587 2173 turam
638 2109 880 2194 vivere,
932 2109 999 2173 id
1055 2113 1156 2174 est
1208 2110 1452 2174 virtute
1517 2109 1808 2174 adhibita
1867 2109 1999 2174 frui
2061 2109 2290 2192 primis
2352 2132 2392 2174 a

367 2200 605 2262 natura
648 2197 834 2261 datis.
907 2195 1207 2280 Callipho
1248 2197 1332 2262 ad
1366 2197 1674 2262 virtutem
1717 2197 1888 2261 nihil
1936 2197 2230 2262 adiunxit
2263 2197 2393 2261 nisi

366 2285 798 2369 voluptatem,
854 2284 1178 2350 Diodorus
1224 2286 1614 2350 vacuitatem
1665 2286 1905 2350 doloris
1911 2332 2188 2352 .......
2268 2285 2390 2350 Η18

345 2373 699 2458 ¹omnibuS,
745 2395 905 2459 quos
951 2374 1110 2458 dixi,
1156 2377 1616 2458 consequentes
1655 2379 1806 2439 sunt
1849 2374 2012 2438 fines
2057 2374 2392 2457 bonorum,

369 2461 705 2546 Aristippo
744 2462 1018 2546 simplex
1053 2462 1383 2545 voluptas,
1430 2460 1664 2528 Stoicis
1702 2463 2066 2526 consentire
2100 2466 2391 2544 naturae,
2420 2490 2476 2529 25

370 2551 541 2635 quod
605 2572 745 2616 esse
799 2552 1031 2617 volunt
1084 2571 1118 2614 8
1171 2551 1440 2631 virtute,
1504 2551 1572 2615 id
1635 2553 1737 2614 est
1798 2550 2095 2632 honeste,
2135 2551 2391 2632 rivere,

370 2638 541 2722 quod
575 2639 672 2704 ita
706 2640 1242 2724 interpretantur:
1269 2639 1487 2704 vivere
1516 2661 1661 2703 cum
1698 2639 2140 2724 intellegentia
2173 2659 2389 2702 rerum

371 2749 619 2811 8810111,
690 2749 855 2811 quae
916 2732 1150 2792 natura
1212 2727 1570 2810 evenirent,
1643 2727 1989 2811 eligentem
2053 2748 2155 2810 88,
2225 2747 2390 2810 quae

369 2818 587 2878 essent
662 2815 1009 2880 secundum
1079 2818 1407 2899 naturam,
1475 2814 1972 2899 reicientemque
2045 2815 2390 2880 contraria.

262 2920 332 2970 35
369 2900 474 2965 Ita
518 2905 651 2965 tres
698 2906 851 2966 sunt
894 2904 1055 2967 fines
1094 2907 1386 2986 expertes
1421 2903 1812 2986 honestatis,
1857 2924 2022 2966 unus
2067 2901 2392 2986 Aristippi
2418 2931 2475 2970 so

371 2990 473 3053 vel
530 2988 823 3074 Epicuri,
878 2991 1043 3054 alter
1093 2990 1506 3073 Hieronymi,
1563 2988 1882 3055 Carneadi
1925 2991 2183 3070 tertius,
2236 2994 2390 3074 tres,

368 3077 437 3141 in
483 3077 715 3161 quibus
761 3077 1067 3142 honestas
1114 3100 1259 3143 cum
1302 3079 1523 3161 aliqua
1567 3079 1958 3162 accessione,
2001 3078 2391 3162 Ρο1811101118,

371 3162 831 3267 Calliphontis,
874 3164 1171 3250 Diodori,
1216 3189 1346 3230 una
1383 3167 1680 3250 simplex,
1724 3167 1904 3231 cuius
1939 3129 2112 3231 Zeno
2151 3171 2390 3247 auctor,

368 3254 587 3337 posita
650 3254 719 3318 in
789 3254 1014 3319 decore
1074 3257 1242 3338 tota,
1304 3254 1374 3319 id
1440 3258 1541 3318 est
1606 3255 1677 3318 in
1745 3254 2102 3321 honestate.
2216 3256 2389 3320 Nam

367 3341 649 3425 PyrrhO,
692 3340 943 3420 Aristo,
990 3340 1237 3406 Erillus
1283 3343 1416 3406 iam
1461 3343 1568 3406 diu
1615 3343 1867 3408 abiecti.
1953 3342 2215 3427 Reliqui
2259 3344 2390 3409 sibi
2417 3370 2472 3411 35

369 3429 822 3508 constiterunt,
877 3433 953 3493 ut
1006 3433 1293 3494 extrema
1360 3451 1504 3494 cum
1560 3430 1762 3495 initiis
1818 3431 2260 3516 convenirent,
2312 3434 2390 3496 ut

364 3516 705 3602 Aristippo
751 3517 1053 3602 voluptas
1061 3568 1081 3602 ,
1125 3517 1527 3602 Hieronymo
1575 3518 1818 3584 doloris
1862 3519 2185 3605 vacuitaS,
2231 3518 2388 3584 Car-
