2609 3884
661 124 798 181 LIB.
833 126 928 181 IV.
985 126 1139 181 CAP.
1177 132 1351 181 5-7.
1408 132 1439 193 ὅ
1478 133 1722 183 11-16.
2069 129 2199 193 207

173 284 370 362 Quod
430 285 602 351 idem
668 307 812 351 cum
875 288 1077 353 vestri
1139 288 1385 352 faciant
1396 337 1416 373 ‚
1476 310 1607 357 non
1672 291 1831 354 satis
1896 311 2199 376 magnam

171 374 482 439 tribuunt
523 375 971 440 inventoribus
1018 376 1319 461 gratiam.
1640 380 1645 387 ’

317 459 442 526 Sed
498 461 659 527 haec
712 462 1042 527 hactenus.
1139 460 1329 529 Nunc
1382 463 1742 548 videamus,
1796 487 2062 549 quaese,
2121 467 2199 532 de
2240 431 2304 556 g

176 570 436 614 summo
480 550 682 634 bono,
743 550 914 634 quod
961 551 1252 616 continet
1293 550 1805 637 philosophiam,
1860 554 2010 638 quid
2055 558 2200 620 tan-

113 662 144 704 5
177 638 332 703 dem
368 638 688 717 attulerit,
733 659 926 723 quam
961 639 1046 704 ob
1080 660 1220 703 rem
1264 640 1349 705 ab
1385 640 1829 706 inventoribus
1865 645 2200 727 tamquam

177 747 222 791 a
257 726 639 809 parentibus
686 726 1079 791 dissentiret.
1153 726 1297 792 Hoc
1342 727 1546 812 igitur
1590 728 1764 813 1000,
1809 750 2201 815 quamquam

176 835 221 879 a
264 818 362 899 te,
406 811 600 896 Cato,
644 813 759 878 dili
809 817 991 879 enter
1035 818 1136 880 est
1179 815 1598 899 explicatum,
1650 816 1800 880 finis
1846 815 1954 881 hic
1999 817 2199 883 bono-

175 922 328 967 rum
372 906 440 968 et
498 902 639 987 quis
686 922 726 967 a
817 902 1006 968 toicis
1054 905 1120 966 et
1176 925 1364 988 quem
1411 902 1493 967 ad
1542 903 1807 969 modum
1862 904 2201 989 diceretur,

175 992 404 1061 tamen
460 1010 580 1073 ego
635 1010 887 1075 quoque
935 1012 1282 1075 exponam,
1328 994 1402 1055 ut
1444 992 1940 1077 perspiciamus,
1986 994 2042 1057 si
2087 1015 2201 1077 po·

91 1103 146 1143 ιο
176 1078 526 1162 tuci-imus,
580 1077 888 1162 quidnam
933 1100 974 1142 a
1017 1076 1273 1143 Zenone
1318 1080 1493 1145 novi·
1523 1080 1611 1143 sit
1656 1080 1943 1145 allatum.
2034 1077 2199 1146 Cum

177 1164 356 1231 enim
403 1166 794 1250 superiores,
854 1187 889 1229 e
935 1166 1166 1251 quibus
1210 1165 1593 1250 planissime
1638 1166 1932 1251 Polemo,
1978 1190 2199 1234 secun-

177 1253 338 1318 dum
379 1256 678 1318 naturam
734 1254 950 1318 vivere
1003 1275 1330 1319 summum
1381 1255 1628 1319 bonum
1682 1276 1824 1320 esse
1868 1256 2199 1335 dixissent,

175 1341 284 1405 his
349 1341 564 1406 verbis
626 1341 757 1407 tria
811 1342 1162 1425 significari
1219 1339 1423 1407 Stoici
1482 1342 1733 1427 dicunt,
1793 1366 1997 1409 unum
2060 1346 2197 1409 eius

179 1428 358 1495 modi
375 1479 393 1512 ,
465 1429 680 1493 vivere
761 1428 1175 1494 adhibentem
1249 1430 1591 1496 scientiam
1674 1452 1895 1496 earum
1965 1453 2199 1515 rerum,

91 1543 146 1582 15
177 1538 345 1600 quae
379 1519 618 1581 natura
653 1516 1008 1601 evenirent3
1054 1518 1226 1583 hunc
1270 1518 1484 1601 ipsum
1522 1515 1798 1582 Zenonis
1841 1520 2023 1584 aiunt
2060 1541 2199 1583 esse

175 1605 382 1669 finem
452 1604 887 1669 declarantem
931 1605 1120 1688 illud,
1167 1606 1339 1690 quod
1383 1628 1424 1670 a
1466 1609 1533 1671 te
1579 1605 1821 1671 dictum
1868 1610 1993 1689 est,
2049 1627 2197 1671 con-

178 1692 514 1757 venienter
554 1695 825 1757 naturae
870 1692 1113 1777 vivere3
1161 1694 1437 1757 alterum
1482 1693 1836 1777 significari
1880 1692 2079 1777 idem,
2125 1698 2199 1757 ut
2236 1706 2305 1756 15

178 1780 238 1844 si
294 1780 642 1863 diceretur,
695 1780 909 1845 officio
967 1781 1182 1845 media
1235 1780 1458 1846 omnia
1518 1784 1633 1846 aut
1693 1780 1999 1864 pleraque
2064 1803 2198 1847 ser-

176 1871 446 1933 vantem
526 1867 762 1933 vivere.
886 1866 1030 1933 Hoc
1106 1868 1198 1934 sic
1271 1868 1638 1951 expositum
1709 1868 2023 1933 dissimile
2097 1873 2198 1933 est

96 1982 150 2021 ιο
178 1955 518 2038 superiori.
613 1953 787 2020 Illud
843 1956 1016 2021 enim
1067 1959 1319 2020 rectum
1374 1960 1474 2020 est
1537 1952 1738 2040 (quod
1790 1952 2197 2041 κατόρθωμα

178 2041 471 2127 dicebas)
507 2043 951 2127 contingitque
989 2043 1271 2127 sapienti
1308 2042 1459 2126 soli,
1493 2043 1618 2108 hoc
1655 2047 1870 2108 autem
1906 2043 2198 2109 inchoati

179 2129 513 2196 cniusdam
559 2129 758 2195 officii
803 2133 931 2213 est,
972 2152 1105 2196 non
1149 2130 1448 2215 perfecti,
1494 2130 1666 2215 quod
1701 2131 1926 2196 cadere
1960 2132 2030 2195 in
2063 2153 2198 2197 non

177 2218 397 2284 nullos
452 2217 836 2302 insipientes
889 2222 1126 2303 potest.
1232 2219 1527 2283 Tertium
1590 2222 1834 2304 autem,
1892 2220 2197 2285 omnibus

180 2310 296 2372 aut
340 2306 641 2371 maximis
685 2306 877 2371 rebus
921 2307 1034 2391 iis,
1093 2328 1257 2392 quae
1303 2306 1653 2371 secundum
1696 2310 2001 2373 naturam
2048 2308 2197 2386 sint,

99 2420 150 2461 25
177 2394 506 2459 fruentem
575 2393 811 2459 vivere.
919 2392 1060 2459 Hoc
1123 2415 1259 2459 non
1322 2398 1423 2459 est
1492 2394 1782 2478 positum
1841 2396 1911 2459 in
1970 2399 2201 2460 nostra

179 2482 462 2567 actione3
509 2481 871 2566 completur
913 2482 1086 2546 enim
1132 2485 1197 2545 et
1243 2504 1321 2545 ex
1365 2502 1439 2546 eo
1493 2502 1726 2566 genere
1770 2482 1973 2564 vitae,
2028 2481 2198 2566 quod

175 2570 424 2636 virtute
466 2568 733 2652 fruitur,
788 2572 855 2633 et
897 2590 974 2634 ex
1019 2570 1101 2633 iis
1155 2570 1374 2652 rebus,
1428 2591 1591 2654 quae
1648 2574 1804 2633 sunt
1848 2569 2199 2634 secundum

177 2661 488 2722 naturam
548 2678 755 2740 neque
821 2660 971 2721 sunt
1031 2658 1103 2722 in
1162 2661 1391 2722 nostra
1452 2659 1795 2740 potestate.
1886 2654 2013 2721 Sed
2073 2657 2197 2722 hoc

180 2766 504 2809 summum
534 2744 796 2828 bonum,
831 2744 1002 2828 quod
1036 2745 1234 2809 tertia
1262 2744 1739 2828 significatione
1776 2743 2200 2829 intellegitur,

99 2860 152 2899 ω
181 2853 388 2918 eaque
433 2832 598 2914 vita,
652 2853 814 2917 quae
859 2854 938 2896 ex
984 2853 1234 2897 summo
1288 2832 1460 2896 bono
1506 2832 1790 2917 degitur,
1844 2832 1996 2915 quia
2048 2853 2196 2896 con-

178 2921 404 2985 iuncta
449 2920 510 2985 ei
554 2918 762 3003 virtus
811 2923 937 3003 est,
981 2919 1052 2984 in
1097 2920 1457 3003 sapientem
1502 2920 1717 2985 solum
1762 2919 1960 3003 cadit,
2014 2920 2197 3004 isque

179 3008 333 3073 finis
378 3008 727 3091 bonorum,
781 3011 856 3071 ut
900 3007 980 3072 ab
1036 3007 1198 3090 ipsis
1245 3004 1481 3071 Stoicis
1528 3008 1845 3092 scriptum
1889 3007 2198 3091 videmus,

180 3118 222 3161 a
263 3094 631 3160 Xenocrate
676 3098 867 3179 atque
915 3095 997 3159 ab
1037 3095 1395 3160 Aristotele
1439 3096 1831 3160 constitutus
1879 3098 1995 3159 est.
2066 3094 2198 3158 Ita-

179 3204 306 3268 que
361 3183 444 3247 ab
497 3182 581 3247 iis
637 3182 1012 3248 constitutio
1067 3182 1183 3247 illa
1234 3182 1450 3266 prima
1499 3185 1796 3264 naturae,
1852 3204 1893 3246 a
1951 3203 2079 3265 qua
2123 3187 2199 3247 tu

99 3296 154 3338 35
181 3292 440 3356 quoque
487 3269 847 3354 ordiebare,
891 3269 995 3335 his
1039 3290 1243 3354 prope
1286 3270 1505 3335 verbis
1551 3270 1916 3353 exponitur:
2253 3328 2289 3389 7

316 3358 546 3424 Omnis
607 3361 843 3423 natura
903 3358 1046 3423 vult
1110 3378 1250 3423 esse
1305 3359 1753 3423 conservatrix
1812 3358 1938 3440 sui,
2001 3359 2074 3421 ut
2132 3360 2200 3421 et
2237 3404 2303 3452 16

182 3447 364 3513 salva
411 3446 502 3512 sit
546 3449 614 3511 et
655 3446 726 3512 in
770 3466 1002 3533 genere
1039 3449 1452 3511 conservetur
1492 3467 1629 3511 suo.
1700 3444 1805 3508 Ad
1847 3443 2018 3509 hanc
2061 3464 2200 3507 rem
