2609 3884
617 140 752 195 ΠΒ.
789 142 859 196 11.
933 141 1086 197 GAP.
1125 148 1219 211 ao,
1257 149 1342 197 31.
1410 149 1440 209 g
1477 149 1755 199 97—102.
2067 146 2193 209 161

171 304 242 364 et
285 300 526 365 caritas
573 302 918 386 amicitiae,
966 324 1364 367 summorum
1407 302 1767 368 officiorum
1802 305 1872 369 in
1907 308 2195 371 extremo

171 387 415 471 spiritu
471 390 869 455 conservatio
926 390 1171 455 indicat
1227 391 1518 455 innatam
1564 412 1705 456 esse
1750 392 2001 458 homini
2044 416 2195 477 pro-

169 476 450 541 bitatem
514 478 894 561 gratuitam,
955 500 1090 543 non
1153 478 1497 543 invitatam
1568 480 2013 562 voluptatibus
2074 504 2195 547 nec

167 564 615 645 praemiorum
669 565 1065 629 mercedibus
1112 569 1465 631 evocatam.
1565 564 1752 641 Quod
1796 568 1966 631 enim
2012 570 2194 632 testi-

115 675 143 715 5
169 652 468 715 monium
514 652 722 716 maius
769 654 1135 736 quaerimus
1143 703 1162 738 ,
1207 675 1371 737 quae
1415 653 1691 718 honesta
1730 658 1795 718 et
1831 659 2007 719 recta
2045 657 2195 739 sint,

165 739 316 821 ipsa
381 760 521 803 esse
585 740 903 823 optabilia
977 762 1094 824 per
1157 762 1327 824 sese,
1400 763 1544 805 cum
1608 742 1936 806 videamus
2010 747 2195 808 tanta

167 826 391 891 officia
435 826 811 893 morientis?
885 825 1011 893 Sed
1054 832 1129 893 ut
1173 828 1516 911 epistulam
1555 828 1945 893 laudandam
1983 832 2148 895 arbi·
2198 852 2299 900 100

165 917 310 979 tror
369 936 514 979 eam
524 964 543 999 ,
597 936 791 998 quam
845 916 1038 979 modo
1093 916 1363 979 totidem
1416 915 1551 979 fere
1606 917 1821 981 verbis
1882 919 2193 1001 interpre-

164 1005 352 1067 tatus
416 1024 586 1085 sum,
648 1024 1037 1087 quamquam
1101 1025 1178 1067 ea
1240 1024 1386 1068 cum
1459 1026 1712 1068 summa
1774 1004 1911 1069 eius
1984 1006 2193 1088 philo-

91 1115 138 1153 ιο
166 1089 404 1173 sophia
447 1090 628 1155 nullo
674 1090 868 1156 modo
916 1091 1343 1175 congruebat,
1390 1091 1482 1156 sic
1520 1091 1805 1155 eiusdem
1842 1095 2196 1159 testamen-

163 1182 308 1241 tum
355 1199 490 1243 non
535 1178 744 1242 solum
789 1199 832 1241 a
874 1178 1249 1261 philosophi
1295 1180 1645 1263 gravitate,
1702 1180 1812 1243 sed
1868 1182 2062 1246 etiam
2111 1183 2195 1246 ab

163 1265 378 1349 ipsius
437 1266 755 1329 sententia
809 1264 1021 1330 iudico
1075 1266 1457 1349 discrepare,
1568 1264 1845 1350 Scripsit
1899 1269 2070 1332 enim
2130 1273 2196 1333 et

164 1352 398 1417 multis
446 1374 637 1436 saepe
681 1353 896 1417 verbis
944 1357 1011 1417 et
1053 1354 1338 1417 breviter
1384 1358 1733 1437 aperteque
1780 1356 1849 1419 in
1886 1377 1962 1420 eo
2009 1356 2193 1440 libro,

165 1462 366 1524 quem
421 1440 614 1505 modo
668 1440 1025 1524 nominavi,
1081 1444 1400 1505 mortem
1444 1440 1648 1505 nihil
1704 1442 1793 1505 ad
1837 1464 1977 1507 nos
2021 1465 2192 1526 per-

89 1553 138 1592 15
165 1530 442 1593 tinere.
515 1526 726 1604 Quod
772 1529 967 1593 enim
1015 1528 1477 1593 dissolutum
1525 1529 1654 1606 sit,
1701 1529 1775 1592 id
1813 1551 1977 1594 esse
2026 1532 2193 1594 sine

167 1637 428 1700 sensu,
484 1615 682 1700 quod
739 1619 987 1681 autem
1025 1616 1212 1680 ‘sine
1269 1638 1496 1680 sensu
1544 1618 1671 1697 sit,
1733 1617 1807 1680 id
1854 1617 2055 1681 nihil
2102 1618 2195 1681 ad

163 1726 308 1769 nos
356 1704 748 1785 pertinere
794 1704 1122 1768 omnino.
1197 1702 1340 1769 Hoc
1384 1705 1594 1786 ipsum
1633 1703 1992 1788 elegantius
2040 1706 2193 1787 poni

165 1792 532 1875 meliusque
577 1791 810 1874 potuit.
899 1789 1069 1855 Nam
1117 1791 1289 1874 quod
1342 1791 1439 1855 ita
1480 1792 1768 1874 positum
1816 1797 1940 1874 est,
1996 1793 2195 1874 quod

167 1878 637 1945 dissolutum
684 1879 810 1962 sit,
856 1878 932 1942 id
980 1900 1146 1943 esse
1194 1879 1361 1943 sine
1408 1900 1660 1962 sensu,
1722 1878 1788 1941 id
1835 1880 1971 1942 eius
2018 1880 2194 1943 modi
2239 1943 2247 1949 ,

90 1991 142 2030 20
169 1971 297 2046 est,
361 1970 439 2030 ut
496 1988 630 2030 non
695 1966 855 2030 satis
917 1966 1108 2049 plane
1169 1965 1370 2050 dicat,
1433 1966 1587 2049 quid
1650 1966 1737 2029 sit
1792 1966 2193 2031 dissolutum.

167 2052 296 2119 Sed
334 2057 554 2118 tamen
597 2053 906 2138 intellego
916 2103 934 2137 ,
981 2054 1132 2137 quid
1168 2055 1343 2118 velit.
1417 2051 1667 2129 Quaero
1704 2057 1947 2138 autem,
1993 2054 2147 2138 quid
2195 2075 2293 2123 101

167 2143 282 2227 sit,
351 2140 549 2226 quod,
613 2162 757 2205 cum
820 2142 1268 2225 dissolutione,
1341 2140 1408 2204 id
1486 2145 1586 2206 est
1658 2147 1891 2225 morte,
1966 2163 2191 2207 sensus

168 2230 384 2296 omnis
441 2228 914 2313 exstinguatur,
970 2234 1037 2294 et
1089 2251 1234 2293 cum
1281 2228 1513 2313 reliqui
1556 2230 1721 2293 nihil
1778 2230 1865 2293 sit
1909 2231 2190 2313 omnino,

167 2318 346 2403 quod
381 2317 706 2399 pertineat
742 2316 824 2381 ad
857 2338 997 2402 nOS,
1040 2320 1176 2379 tam
1215 2320 1509 2381 accurate
1547 2320 1807 2400 tamque
1852 2318 2194 2402 diligenter

91 2433 140 2473 25
169 2408 405 2471 caveat
449 2408 518 2468 ct
562 2405 838 2487 sanciat,
884 2408 968 2468 ut
1011 2404 1634 2487 Amynomachus
1683 2408 1758 2468 et
1802 2404 2195 2470 Timocra-

168 2500 317 2579 tes,
363 2492 678 2557 heredes
725 2492 869 2576 sui,
917 2492 1002 2555 de
1053 2490 1507 2556 Hermarchi
1546 2493 1937 2555 sententia
1984 2491 2192 2575 dent,

167 2581 376 2667 quod
421 2579 617 2644 satis
655 2580 760 2643 sit
795 2579 884 2643 ad
929 2580 1127 2643 diem
1165 2579 1542 2663 agendum
1590 2580 1932 2643 natalem
1981 2600 2195 2642 suum

169 2667 597 2755 quotannis
645 2688 894 2732 mense
941 2666 1413 2750 Gamelione,
1457 2666 1791 2749 itemque
1839 2666 2192 2730 omnibus

167 2756 566 2823 mensibus
630 2755 996 2820 vicesimo
1061 2754 1179 2817 die
1246 2754 1471 2818 lunae
1536 2753 1717 2817 dent
1780 2753 1871 2818 ad
1934 2775 2191 2818 eorum

91 2872 143 2910 so
171 2844 474 2929 epulaS,
521 2842 649 2926 qui
692 2864 840 2907 una
885 2863 1132 2907 secum
1179 2841 1724 2924 philosophati
1772 2841 1957 2924 sint,
2003 2845 2085 2904 ut
2120 2846 2195 2905 et

171 2934 294 2997 sui
362 2934 437 2995 et
487 2928 909 2995 Metrodori
961 2930 1325 2993 memoria
1379 2929 1699 2993 colatur.
1790 2927 1969 2993 Haec
2026 2949 2145 3013 ego
2198 2951 2297 2998 102

168 3042 307 3085 non
351 3039 615 3102 possum
662 3017 869 3081 dicere
904 3039 1037 3081 non
1079 3038 1217 3080 esse
1262 3016 1546 3080 hominis
1592 3017 1882 3099 quamvis
1930 3020 1996 3080 et
2039 3017 2195 3080 belli

172 3112 241 3173 et
281 3106 582 3188 humani,
637 3104 948 3187 sapientis
994 3125 1144 3169 vero
1203 3104 1383 3168 nullo
1430 3104 1650 3187 modo,
1704 3104 1963 3187 physici
2016 3125 2196 3187 prae-

173 3195 429 3277 sertim,
492 3214 682 3276 quem
745 3214 812 3257 se
875 3192 987 3256 ille
1052 3212 1192 3255 esse
1255 3191 1427 3273 vult,
1489 3195 1720 3274 putare
1784 3191 1989 3254 ullum
2053 3212 2194 3255 esse

97 3307 147 3347 85
176 3282 556 3365 cuiusquam
611 3280 776 3345 diem
828 3281 1131 3344 natalem.
1233 3277 1443 3353 Quid?
1497 3278 1745 3341 idemne
1791 3282 2009 3361 potest
2053 3299 2195 3341 esse

175 3371 315 3435 dies
359 3368 650 3452 saepius,
694 3368 803 3451 qui
851 3368 1049 3432 semel
1093 3364 1262 3429 fuit?
1356 3362 1544 3428 Certe
1588 3387 1719 3429 non
1764 3368 1997 3448 potest.
2089 3364 2199 3428 An

177 3457 468 3523 eiusdem
529 3454 748 3520 modi?
846 3453 946 3519 Ne
999 3454 1064 3518 id
1110 3453 1394 3537 quidem,
1448 3453 1576 3517 nisi
1629 3454 1832 3517 multa
1878 3471 2199 3515 annorum

283 3568 394 3611 010.
419 3569 503 3610 1v.
539 3570 578 3611 1.
1805 3559 1867 3606 11
