2609 3884
685 200 822 255 Lm.
858 200 927 255 11.
983 200 1137 255 CAP.
1177 204 1420 271 ιιι-ιτ.
1488 206 1517 265 5
1556 204 1799 256 εει-ετ.
2122 202 2253 266 353

237 363 295 428 si
329 366 518 428 vacet
559 362 802 447 populo
838 382 1048 446 neque
1091 361 1392 445 plausum
1430 364 1701 446 captans
1740 383 1810 427 se
1854 363 2075 427 tamen
2109 365 2255 447 ipsa

236 450 527 516 delectet.
598 449 769 526 Quin
814 450 1009 513 etiam
1046 448 1212 512 mihi
1259 449 1515 533 quidem
1558 449 1994 514 laudabiliora
2036 450 2252 515 viden-

235 542 346 602 tur
381 538 622 622 omnia,
667 558 831 621 quae
869 537 1010 601 sine
1046 536 1485 601 venditatione
1523 540 1591 602 et
1626 538 1765 601 sine
1805 538 2049 621 populo
2086 542 2255 603 teste

234 626 425 709 fiunt,
475 646 608 690 non
651 646 778 709 quo
823 624 1165 710 fugiendus
1213 624 1300 689 sit
1344 621 1592 710 (omnia
1650 626 1823 689 enim
1865 626 2029 690 bene
2076 624 2253 691 facta

181 738 210 779 ε
236 714 306 778 ιιι
347 674 490 778 hice
534 735 604 778 se
650 712 978 778 conlocari
1020 710 1303 814 volunt),
1359 713 1469 776 sed
1514 716 1735 777 tamen
1777 713 2029 778 nullum
2074 714 2252 779 thea-

235 805 412 865 trum
456 801 686 865 virtuti
731 800 1124 865 conscientia
1167 800 1377 864 maius
1423 804 1539 865 est.

367 886 641 973 Atque
620 911 688 953 ιιι
724 887 954 972 primis
992 887 1376 952 meditemur
1409 887 1589 967 illud,
1627 890 1704 951 ut
1736 888 1899 955 haec
1934 890 2253 973 patientia
2273 850 2359 979 25}

237 976 560 1060 dolorum,
619 998 814 1061 quam
865 997 1055 1078 saepe
1099 976 1233 1040 iam
1279 976 1482 1039 animi
1527 938 1888 1041 intentione
1935 978 2068 1041 dixi
2114 999 2253 1042 esse

234 1064 644 1168 firmandam,
698 1066 768 1129 in
822 1064 997 1129 omni
1051 1084 1283 1149 genere
1339 1084 1409 1128 se
1462 1063 1869 1148 aequabilem
1930 1065 2254 1149 praebeat.

154 1178 209 1217 ιο
237 1152 441 1236 Saepe
497 1153 668 1217 enim
721 1151 938 1235 multi,
992 1152 1102 1235 qui
1157 1154 1271 1216 aut
1323 1154 1589 1235 propter
1647 1152 1956 1217 victoriae
2018 1153 2255 1237 cupidi-

233 1244 438 1304 tatem
484 1243 596 1304 aut
637 1241 904 1323 propter
949 1239 1194 1324 gloriae
1241 1243 1355 1303 aut
1400 1239 1627 1323 etiam,
1685 1243 1760 1304 ut
1803 1240 1904 1305 ius
1951 1261 2139 1305 suum
2188 1244 2256 1305 et

235 1328 607 1392 libertatem
667 1330 989 1410 tenerent,
1060 1328 1327 1391 volnera
1400 1330 1790 1411 exceperunt
1858 1327 2117 1393 fortiter
2190 1332 2257 1394 et

236 1414 554 1497 tulerunt,
629 1413 826 1479 iidem
889 1414 1132 1479 omissa
1194 1415 1606 1479 contentione
1679 1415 1970 1480 dolorem
2041 1416 2256 1481 morbi

234 1501 405 1566 ferre
465 1523 601 1567 non
661 1504 964 1585 possunt3
1027 1522 1235 1586 neque
1298 1502 1476 1566 enim
1536 1502 1747 1586 illum,
1811 1524 2002 1588 quem
2066 1502 2255 1568 facile

153 1614 209 1655 ιι»
237 1590 549 1675 tulerant,
611 1591 863 1655 ratione
929 1592 1043 1654 aut
1105 1589 1428 1673 sapientia
1488 1590 1799 1674 tulerant,
1865 1590 1978 1655 sed
2042 1591 2253 1656 studio

233 1677 456 1763 potius
503 1680 571 1742 et
612 1677 840 1763 gloria.
927 1677 1158 1762 Itaque
1212 1678 1477 1742 barbari
1530 1676 1792 1761 quidam
1838 1681 1904 1741 et
1960 1679 2253 1744 inmanes

233 1766 408 1832 ferro
462 1765 788 1831 decertare
842 1787 1169 1831 acerrume
1228 1768 1529 1849 possunt,
1592 1769 1928 1850 aegrotare
1980 1766 2255 1831 viriliter

233 1876 369 1920 non
421 1857 680 1939 queunt.
786 1851 1014 1918 Graeci
1068 1856 1286 1918 autem
1340 1853 1663 1931 homines,
1719 1874 1854 1917 non
1914 1854 2073 1918 satis
2120 1854 2254 1918 ani-

235 1941 430 2025 mosi,
462 1942 827 2025 prudentes,
862 1945 940 2006 ut
975 1945 1074 2007 est
1111 1944 1337 2025 captus
1371 1940 1738 2019 hominum,
1781 1942 1959 2024 satis,
1996 1941 2253 2007 hostem

13 2097 15 2106 ,
154 2053 210 2091 20
239 2029 524 2111 aspicere
568 2051 704 2094 non
746 2033 1050 2113 possunt,
1101 2030 1306 2093 eidem
1354 2027 1615 2093 morbos
1659 2028 2016 2094 toleranter
2062 2034 2255 2113 atque

13 2158 19 2197 ι
236 2116 518 2180 humane
578 2116 813 2180 ferunt.
910 2115 1004 2180 At
1056 2114 1302 2182 Cimbri
1357 2119 1424 2179 et
1486 2113 1797 2181 Celtiberi
1860 2117 1930 2181 in
1986 2117 2253 2202 proeliis

12 2244 19 2285 f
237 2203 561 2285 exultant,
615 2203 1054 2273 lamentantur
1103 2205 1173 2269 in
1226 2204 1472 2269 morbo.
1569 2202 1754 2269 Nihil
1812 2205 1982 2269 enim
2036 2208 2256 2289 potest

13 2335 16 2354 ,
238 2311 382 2355 esse
428 2291 794 2376 aequabile,
840 2291 1008 2376 quod
1045 2313 1177 2357 non
1215 2316 1254 2356 a
1290 2296 1467 2357 certa
1500 2293 1753 2357 ratione
1789 2294 2253 2376 proficiscatur.

12 2449 21 2462 ,
239 2376 366 2443 Sed
411 2400 557 2443 cum
601 2378 820 2444 videas
868 2400 1004 2462 eos,
1065 2380 1177 2463 qui
1223 2384 1338 2443 aut
1382 2380 1592 2445 studio
1640 2382 1751 2445 aut
1798 2381 2099 2464 opinione
2145 2381 2255 2445 du·
2290 2400 2361 2451 ee

13 2509 19 2550 ι
153 2490 210 2531 25
239 2470 492 2549 cantur,
555 2467 625 2531 in
689 2488 765 2532 eo
826 2467 1264 2550 persequendo
1319 2470 1511 2551 atque
1565 2467 1975 2551 adipiscendo
2032 2468 2254 2531 dolore

235 2576 369 2620 non
425 2554 666 2639 frangi,
720 2553 956 2619 debeas
1016 2554 1384 2619 existimare
1440 2559 1552 2620 aut
1613 2577 1745 2619 non
1798 2576 1949 2621 esse
2009 2556 2251 2619 malum

237 2641 527 2708 dolorem
591 2646 729 2727 aut,
779 2643 1078 2725 etiamsi,
1141 2641 1444 2727 quicquid
1498 2664 1796 2726 asperum
1851 2643 2253 2726 alienumque

235 2734 470 2795 natura
506 2731 611 2814 sit,
643 2730 712 2794 id
749 2729 1064 2815 appellari
1101 2730 1358 2814 placeat
1382 2730 1647 2813 malum,
1683 2731 2006 2795 tantulum
2033 2734 2254 2795 tamen

238 2838 406 2902 esse,
449 2822 527 2883 ut
572 2840 611 2882 a
654 2818 892 2883 virtute
936 2819 1032 2883 ita
1078 2819 1414 2903 obruatur,
1459 2822 1535 2882 ut
1569 2839 1888 2903 nusquam
1925 2821 2255 2902 appareat.

149 2930 209 2969 ao
239 2904 416 2981 Quae
470 2905 810 2990 meditare,
863 2927 1127 2990 quaeSO,
1180 2906 1317 2971 dies
1365 2911 1432 2971 et
1474 2910 1719 2971 noctes.
1807 2904 2034 2971 Latius
2081 2907 2253 2971 enim

236 2994 531 3060 manabit
573 2992 734 3059 haec
768 2995 936 3058 ratio
976 2999 1042 3059 et
1078 2994 1412 3078 aliquanto
1460 2994 1771 3059 maiorem
1812 2994 2023 3059 locum
2059 3016 2255 3079 quam

235 3079 316 3145 de
369 3104 496 3147 uno
554 3081 774 3147 dolore
828 3082 1184 3166 occupabit.
1289 3080 1462 3147 Nam
1526 3082 1582 3146 si
1637 3082 1855 3147 omnia
1910 3082 2254 3167 fugiendae

235 3169 660 3252 turpitudinis
695 3169 1267 3254 adipiscendaeque
1302 3168 1665 3234 honestatis
1694 3191 1890 3234 causa
1923 3170 2254 3252 faciemus,

234 3277 370 3321 non
422 3256 614 3322 modo
671 3258 970 3322 stimulos
1027 3256 1298 3341 doloriS,
1360 3256 1473 3321 sed
1536 3257 1731 3321 etiam
1793 3258 2068 3321 fulmina
2124 3257 2253 3321 for-

149 3368 209 3411 s5
235 3347 433 3409 tunae
487 3348 970 3410 contemnamus
1024 3343 1274 3428 licebit,
1331 3345 1715 3428 praesertim
1762 3365 1907 3408 cum
1953 3347 2253 3427 paratum

238 3432 328 3497 sit
360 3431 525 3496 illud
561 3454 638 3498 ex
671 3432 976 3497 hesterna
1011 3432 1449 3515 disputatione
1484 3432 1871 3516 perfugium.
1932 3430 2026 3495 Ut
2062 3431 2251 3513 enim,
2288 3449 2357 3500 67

236 3518 296 3585 si
349 3521 454 3585 cui
505 3520 870 3605 naviganti,
921 3519 1280 3607 praedones
1332 3521 1393 3587 si
1444 3521 1893 3603 insequantur,
1941 3518 2097 3583 deus
2142 3518 2253 3601 qui

343 3628 562 3674 o10.1v.
607 3633 647 3672 ι.
1757 3626 1826 3677 23

17 3306 24 3369 .--
18 3202 24 3257 --ψ
17 3130 22 3169 .-.
14 3038 22 3084 -x
14 2952 21 2994 ⁷-
14 2864 21 2905 α..
14 2776 21 2816 ⁷-
16 2690 20 2727 v-
14 2599 21 2639 v—

17 3398 26 3439 t

17 3574 26 3619 ἱ
